2708 4604
449 188 798 238 PROLEGOMEM·
1161 194 1184 268 7

70 302 266 393 plantarum
290 310 425 359 necnon
450 288 722 355 observationum
755 309 893 353 suarum
925 287 1185 377 pretiosissima·

76 414 154 458 rum
167 388 318 474 mesaepe
334 378 535 472 participem
550 379 642 444 lecit.
657 380 709 444 Ne
721 378 859 443 tandem
873 377 908 441 in
924 379 1120 445 enarrandis
1136 396 1187 449 tot

76 477 254 546 beneficiis
285 473 416 537 diutius
440 490 577 551 morer,
601 490 709 533 unum
733 470 798 533 hoc
831 467 952 532 addam
981 467 1186 538 clarissimos

73 569 239 636 botanicae
261 560 462 628 methodica
489 559 636 623 fautores
661 560 838 640 Lausncn,
852 559 1004 641 Troum,
1018 560 1186 644 Proteos,

73 679 209 724 necnon
222 651 459 718 celeberrimos
468 648 735 739 peregrinatores
745 648 1031 731 Lssruranntine,
1045 649 1192 716 Panisos·

76 771 120 813 nu
146 749 335 822 Buauvors,
363 743 462 820 boso,
485 740 623 803 Auum
652 760 697 803 nu
729 738 1188 821 Parta-Tuouans,Det1us,

73 839 222 914 Turrita,
239 849 272 898 et
285 833 385 912 alios,
401 829 463 892 hlc
487 850 566 893 cum
592 827 805 891 humanitate
829 828 1044 891 scientiarum
1063 831 1190 895 amoris

75 916 256 1007 socid‚ei'a't
271 943 325 986 me
345 922 520 1006 nunquam
544 917 622 981 satis
646 915 834 995 laudandi,
849 915 1003 981 herbaria
1023 940 1082 981 sua
1100 920 1187 984 mihi

74 1011 359 1104 aperuisse,di1m
388 1009 429 1073 cl.
456 1008 611 1072 Dsuauzs
635 1007 671 1069 in
696 1005 959 1072 humanioribus
988 1030 1119 1073 necnon
1150 1011 1187 1075 in

73 1104 241 1170 botanicis
260 1101 382 1166 litteris
406 1098 582 1188 egregius,
597 1119 675 1185 erga
700 1119 755 1161 me
781 1096 932 1161 censoris
954 1096 1060 1162 vicem
1077 1121 1138 1188 pro
1152 1120 1188 1165 se

53 1196 56 1201 ’
72 1194 277 1260 amicissime
292 1203 490 1277 susceperat.

116 1285 182 1349 Tot
198 1300 232 1349 et
246 1281 348 1347 tantis
375 1278 592 1345 collectaneis
617 1275 737 1342 sedulo
756 1276 983 1380 perlustratis,
997 1276 1188 1367 plantarum

74 1374 246 1439 industrii
255 1372 404 1437 humani
416 1370 455 1433 in
468 1369 525 1433 lou
550 1366 664 1456 ‘nquis
677 1368 732 1457 pla
757 1390 784 1431 ts
797 1366 1014 1431 collectarum
1027 1390 1190 1433 numerus
1233 1390 1239 1401 ·

74 1465 256 1530 exhaustus
273 1459 471 1542 videbatnr3
482 1480 517 1524 se
560 1457 701 1547 anglica
712 1391 835 1521 lliusaea
846 1480 920 1545 quae
928 1455 1015 1538 adii,
1031 1458 1066 1521 in
1083 1459 1189 1547 regio·

74 1555 176 1619 nibus
184 1574 268 1643 quas
278 1552 386 1616 rarilts
397 1549 520 1616 Gallici
536 1547 805 1639 peregrinatores
817 1547 1062 1637 perlustrarunt
1076 1548 1191 1637 praeci·

12 1633 16 1640 ⁴
73 1647 141 1734 pue
166 1643 328 1722 collecta,
357 1662 413 1704 me
442 1660 607 1703 novarum
633 1639 821 1701 attentione
847 1659 889 1701 ue
913 1636 1190 1725 dignissimarum

77 1733 276 1796 divitiarum
290 1730 491 1818 participem
506 1728 678 1808 fecerunt3
696 1726 813 1793 eadem
823 1660 1055 1815 benignitate,
1068 1728 1191 1792 eodem

78 1821 247 1906 obsequio
255 1819 385 1907 Angtiae
396 1817 547 1882 botanici
558 1816 775 1882 collectiones
787 1840 861 1881 suas
873 1817 958 1880 mihi
973 1832 1190 1905 aperueruut.

79 1908 332 1973 Illustrissimus
359 1909 524 1972 Jossruus
549 1908 675 1988 Bisas,
700 1906 760 1996 qui
785 1923 877 1972 tanto
901 1929 978 1970 cum
1009 1907 1191 1995 splendore

78 1999 180 2063 vitam
192 2046 202 2080 ,
214 2013 366 2086 tempus,
383 2018 464 2087 opes
479 2013 513 2062 et
523 1997 753 2061 auctoritatem
768 1998 918 2061 scientiis
933 1996 1086 2075 addixit,
1103 1998 1191 2062 mihi

77 2088 267 2155 liberaliter
285 2108 383 2151 usum
398 2087 572 2152 ditissimae
594 2110 662 2153 suae
688 2086 906 2152 bibliothecas
934 2088 1114 2170 concessit,
1128 2112 1192 2152 nee

79 2201 151 2243 non
178 2177 328 2243 herbarii
352 2177 457 2266 hujus
476 2179 545 2267 jam
572 2180 658 2267 saepie
675 2182 692 2242 a
708 2178 875 2242 botanicis
892 2176 1038 2259 laudati,
1064 2178 1099 2241 in
1122 2200 1192 2266 quo

77 2270 219 2334 collecta
250 2268 468 2356 reperiuntur
496 2268 654 2333 herbaria
684 2270 896 2349 Cmrmnrn,
917 2268 1082 2344 liranum,
1112 2269 1193 2332 Jac-

60 2360 375 2441 putaminarum,
390 2373 429 2421 ut
442 2373 476 2422 et
490 2358 612 2447 plantae
627 2359 754 2447 abipso
769 2361 914 2423 Basnsro
930 2375 964 2422 et
975 2364 993 2421 a
1010 2358 1050 2420 cl.
1063 2359 1191 2422 Sonan-

76 2470 144 2516 utto
173 2449 209 2511 in
239 2445 422 2512 Cookianis
440 2448 640 2530 itineribus,
657 2450 777 2538 stirpes
801 2449 836 2512 in
865 2451 951 2512 nova
973 2445 1193 2512 Hollandialt

75 2542 118 2605 cl.
144 2539 275 2619 Canen,
291 2537 417 2603 Wutrs
431 2555 465 2603 et
483 2539 578 2620 aliis,
593 2540 629 2603 in
645 2539 755 2602 Chind
770 2538 841 2603 acl.
857 2536 985 2603 Gnoso.
1001 2540 1192 2619 Salomon,

78 2630 117 2693 in
132 2627 284 2693 Canariis
297 2644 331 2694 et
345 2628 389 2701 ad
401 2631 675 2718 promontorium
689 2632 789 2694 Bona·
804 2629 910 2718 speia
923 2630 963 2692 cl.
974 2630 1033 2692 Fa.
1047 2628 1194 2710 lllssson,

81 2719 119 2782 in
134 2718 233 2783 India
247 2722 265 2784 a
280 2719 320 2783 cl.
333 2721 539 2803 Roruunsn,
553 2720 668 2801 Horu,
683 2736 745 2786 etc.
758 2770 767 2802 ‚
782 2721 817 2784 in
834 2720 1008 2785 Americes
1020 2717 1194 2783 littoribus

81 2808 349 2873 occidentalibus
363 2812 382 2874 a
397 2809 439 2873 cl.
451 2811 619 2893 Manates,
632 2811 715 2875 Dav.
729 2812 758 2875 N
762 2834 861 2875 ursos
879 2826 940 2875 etc.
954 2826 1016 2873 etc.
1031 2807 1191 2871 collectae.

81 2897 331 2962 celeberrimus
346 2899 511 2964 Pinorum
528 2902 781 2991 monographus
805 2903 845 2964 A.
871 2903 905 2963 B.
928 2901 1108 2977 Lustrum,
1128 2897 1193 2963 hac

81 3010 160 3052 cum
176 2987 310 3052 liberali
327 2989 534 3077 amabilique
553 2992 765 3054 humanitate
791 2994 868 3069 sud,
884 2988 970 3051 mihi
995 2987 1191 3052 facillimam

60 3068 198 3141 'ansam
214 3077 340 3142 obtulit
355 3078 531 3145 thesauros
557 3078 783 3170 perlustrandi
805 3079 979 3143 botanicos
995 3076 1193 3165 locupletis·

81 3168 159 3232 simi
175 3168 325 3233 herbarii
343 3169 415 3250 sui,
432 3171 552 3258 inquo
566 3170 657 3233 inter
672 3170 735 3234 alia
761 3169 894 3234 citanda
911 3171 1054 3233 veniunt
1068 3167 1192 3232 herba·

81 3258 133 3321 ria
166 3259 296 3348 integra
317 3260 474 3325 Pstussu
504 3275 538 3325 et
556 3259 717 3342 Possum,
737 3284 871 3325 necnon
900 3261 1019 3348 stirpes
1042 3280 1124 3346 quas
1155 3257 1192 3320 in

81 3347 223 3414 Oriente
256 3349 298 3413 cl.
334 3350 501 3434 Cultura,
538 3351 574 3415 in
613 3350 711 3414 India
750 3351 790 3416 cl.
827 3353 1008 3416 Bucusnan
1041 3364 1074 3412 et
1102 3348 1192 3410 Rox-

81 3459 196 3501 nuncu
219 3452 281 3502 etc.
297 3453 360 3503 etc.
377 3441 600 3531 collegerunt.
622 3442 848 3532 Dignissimus
867 3442 973 3505 Florae
992 3436 1193 3503 Britannicae

83 3543 204 3603 auctor
215 3528 256 3592 cl.
270 3529 299 3593 J.
312 3529 350 3592 E.
368 3529 573 3615 Stsrrn,n0n
590 3537 720 3596 tantum
736 3531 886 3597 herbarii
898 3531 952 3597 sui
963 3527 1122 3594 ditissimi
1139 3546 1193 3589 me

83 3617 286 3771 participem
303 3619 446 3685 comiter
455 3622 546 3705 fecit,
561 3639 595 3686 et
609 3624 697 3686 circa
712 3623 839 3711 species
851 3623 1111 3687 Sturnonrrsnss
1126 3614 1193 3676 du-

113 3708 271 3773 itationes
288 3709 419 3797 aliquot
432 3712 550 3794 solvit,
560 3710 619 3778 sed
634 3711 747 3778 adhuc
761 3711 891 3776 aditum
906 3711 1014 3776 libere
1029 3701 1194 3772 concessit

87 3796 131 3861 ad
143 3798 340 3862 herbarium
351 3802 583 3868 brunantun
598 3825 690 3867 nunc
705 3825 815 3885 suum,
828 3824 895 3889 prae
908 3801 983 3865 aliis
999 3798 1034 3861 in
1045 3813 1192 3882 synony-

84 3889 155 3955 mia
169 3905 418 3957 momentosum
428 3939 438 3978 ,
450 3913 514 3961 nec
528 3894 601 3961 sine
613 3893 829 3960 veneratione
837 3890 968 3957 summa
977 3881 1193 3953 adeundum!
