2708 4604
211 494 531 585 ADDENDA
566 495 656 583 ΕΤ
696 496 1135 588 EMENDANDA.

119 777 165 867 P.
186 822 222 873 14⁴
238 815 257 863 1.
275 817 298 869 1.
315 826 524 862 onsrararronurs
535 809 588 874 Iege
600 804 833 859 sastinianum.

119 887 147 932 1³.
168 883 221 931 126.
239 880 256 927 1.
272 879 311 934 34.
329 879 429 926 Semina
438 877 491 925 imb
503 875 587 923 loculo
601 872 684 921 adfixa
698 873 752 939 lege
761 873 897 922 lateraliter
910 870 1002 924 adun.

119 952 145 997 P.
166 949 220 1007 10¹⁶·
231 944 397 992 'Thalietrnnt
410 943 525 1005 alpinum
536 939 633 987 habitat
646 938 720 985 etiam
738 939 768 985 in
781 941 890 993 Canem
908 941 1026 991 orientali
1037 951 1063 991 et
1073 941 1234 999 Thaliotrum

151 1011 270 1061 loetidnm
280 1009 308 1056 in
320 1007 403 1057 lberii
416 1006 484 1055 unde
498 1004 636 1071 specimina
646 1003 756 1053 misitel.
765 1004 863 1053 Stsreu.

119 1152 146 1200 P.
166 1150 220 1213 ¹9³·
237 1147 309 1197 Adde
317 1157 375 1212 post
385 1145 432 1194 lin.
442 1156 489 1199 20¹:

169 1262 225 1338 6*.
252 1262 448 1335 Anemone
466 1236 623 1331 Albana.

120 1411 161 1474 A.
190 1408 280 1472 loliis
302 1403 554 1493 pinnatisectis‚
574 1402 756 1493 segmentis
781 1402 1035 1493 multipartitis,
1060 1408 1148 1474 iobis
1169 1410 1233 1476 ob.

166 1495 486 1586 longo-linearibus,
503 1491 585 1557 flore
601 1510 761 1574 nutante,
786 1494 955 1583 pedicello
976 1500 1032 1562 rix
1056 1499 1235 1565 involucro

164 1587 337 1676 longiore,
351 1584 474 1673 sepalis
487 1583 509 1648 6
524 1583 643 1648 erectis
655 1583 751 1672 apice
766 1583 974 1651 subrellexis.

120 1726 152 1776 Α.
166 1725 275 1775 Albana.
288 1727 376 1776 Mem.
390 1743 444 1776 soc.
459 1738 516 1774 nat.
528 1741 610 1774 mosc-
626 1722 682 1774 νοῙ.
698 1720 723 1772 3.
739 1742 775 1773 ex
787 1723 900 1775 Steveu!
910 1729 939 1775 in
951 1724 1005 1776 litt.

120 1794 187 1846 llab.
202 1794 231 1845 in
241 1793 354 1845 excelsis
364 1791 503 1843 montibus
519 1788 630 1842 Canem
643 1789 790 1841 orientalis.
804 1793 910 1844 Steven.
924 1792 963 1861 ll.
977 1795 988 1859 (
1000 1811 1026 1844 v.
1042 1811 1064 1844 s.
1076 1798 1142 1865 sp.)

120 1864 216 1916 Affinis
228 1865 259 1914 A.
271 1861 411 1933 pratensi,
426 1860 472 1912 sed
483 1859 575 1911 diflert
590 1878 597 1924 ς
613 1870 648 1911 1⁰.
667 1859 794 1911 loliorum
810 1859 878 1913 lobia
900 1861 1052 1932 lobulisque
1064 1865 1235 1921 brevioribus

155 1932 357 1992 obtusioribus,
375 1931 467 2001 potius
478 1929 603 1997 oblongis
615 1935 694 2000 quam
708 1933 771 1979 vere
782 1928 927 1982 linearibus
939 1950 947 1997 ς
962 1935 996 1983 2⁰.
1009 1931 1155 2001 pedicabo,
1175 1937 1233 1990 imo

175 2021 203 2053 er
222 2001 365 2064 anthesin‚
384 2000 433 2051 vix
464 2000 638 2050 involucrum
663 2010 808 2070 superante
838 2018 887 2051 nec
911 1999 1064 2082 quadrupli>
1089 2004 1233 2072 longiore;

154 2021 193 2123 3³.
211 2069 277 2122 flore
291 2069 381 2122 albido
394 2082 440 2121 aut
451 2069 614 2121 ocbroleuco
626 2087 676 2120 nec
687 2087 800 2138 purpur·
810 2087 846 2133 o;
862 2070 897 2131 4⁰.
911 2068 1046 2138 glandulis
1057 2070 1234 2142 pedicellatis,

154 2141 248 2222 saltem
260 2141 288 2192 in
301 2139 450 2211 specimine
461 2138 528 2192 mihi
541 2137 639 2205 obvio,
654 2138 739 2192 nullis
751 2155 802 2190 uec
813 2138 886 2192 inter
899 2140 986 2211 sepala
1001 2151 1028 2192 et
1041 2141 1155 2196 stamina
1170 2144 1234 2216 plu-

154 2229 238 2262 nmis.
380 2222 384 2230 “

119 2354 145 2400 Ρ.
161 2353 215 2400 225.
233 2352 274 2400 Ad
284 2351 377 2401 calcem
387 2388 395 2413 ,
405 2351 485 2401 adde:

168 2468 227 2565 9*.
255 2467 399 2540 Adonis
417 2465 621 2563 Volgcnsis.

118 2615 158 2696 A.
188 2613 279 2677 foliis
305 2611 510 2676 radicalibus
538 2610 706 2678 infimisre
729 2612 890 2680 abortivis
905 2617 948 2681 ad
972 2641 1125 2707 squamas
1150 2626 1232 2691 sub·

104 2714 107 2719 '
163 2704 356 2792 vaginantes
376 2702 543 2782 reductis,
570 2703 694 2764 mediis
719 2719 753 2765 et
778 2707 919 2768 summis
946 2711 1141 2795 sessilibus,
1157 2737 1229 2779 car·

162 2794 261 2946 pplllis
270 2791 494 2895 subvelutinis
502 2838 512 2870 ,
524 2790 634 2877 calyce
646 2797 741 2854 extirs
753 2794 979 2880 pubescente,
994 2802 1112 2885 petalis
1126 2824 1229 2869 10·12

67 2942 71 2965 ι
163 2903 331 2971 oongrs.

67 3010 72 3045 ²
118 3021 150 3070 Α.
164 3018 326 3089 Apennina?
340 3018 408 3070 Pall.
424 3035 488 3069 nov.
502 3031 555 3068 act¹
567 3032 671 3087 petrop·
684 3017 741 3070 vol.
757 3034 796 3070 ιο.
810 3021 903 3074 Saeve„
913 3024 925 3075 ‘t
937 3027 968 3075 in
982 3025 1035 3078 lm·

118 3088 187 3140 llab.
198 3090 226 3140 in
241 3088 355 3158 irnperio
369 3086 496 3137 Rutbeno
505 3084 539 3136 ad
547 3083 648 3136 flumen
663 3085 791 3155 Volgam.
800 3092 903 3144 siem
916 3091 954 3172 ῃ
967 3093 1012 3160 (v,
1026 3114 1047 3147 ι
1063 3100 1124 3168 ⁸P·)

118 3158 208 3210 Media
224 3160 294 3210 inter
311 3159 341 3208 Α.
357 3156 492 3207 vernalem
511 3165 537 3205 et
557 3155 731 3227 Pyrenaicam
759 3159 780 3207 A
801 3160 891 3230 priore
904 3160 997 3215 diflert
1018 3168 1094 3218 caule
1107 3186 1230 3240 ramoso,

155 3228 226 3280 soliis
239 3227 321 3296 magis
334 3225 509 3288 distantibus,
528 3225 556 3276 in
577 3244 715 3278 ramorum
737 3240 813 3296 parte
834 3229 962 3283 inferiore
987 3235 1081 3301 sapitis
1101 3240 1181 3292 nullis
1202 3258 1230 3296 et

154 3296 277 3368 carpellis
289 3296 375 3348 multb
383 3295 473 3347 minias
482 3294 619 3347 velutinis.
633 3297 654 3344 t
666 3297 816 3367 posteriore
829 3299 899 3351 soliis
915 3301 1089 3358 inferioribus
1099 3309 1229 3365 abortivis

153 3365 401 3438 squamaelormibus
413 3377 439 3417 ct
461 3365 584 3434 carpellis
596 3365 707 3432 (saltem
717 3368 891 3439 junioribus)
904 3372 1089 3428 subvelutinis.
1103 3379 1143 3429 Ab
1156 3386 1230 3433 utra-

154 3457 208 3508 que
227 3436 323 3508 sepalis
345 3434 472 3506 calycinis
493 3436 572 3486 ertias
590 3435 800 3505 pubescentibus
821 3457 872 3491 nec
896 3441 1006 3510 glabris.
1022 3476 1058 3485 —
1074 3447 1229 3505 Adonjdem

153 3507 291 3558 vernalem
305 3505 384 3557 etiarn
399 3505 426 3554 in
440 3503 541 3555 Tauria
553 3505 655 3574 reperit
668 3505 823 3557 clb'tevrn.

152 3605 190 3651 Ex
200 3603 231 3649 Α.
242 3600 374 3666 Pyrenaici
387 3600 440 3648 dele
451 3615 615 3665 synonymon
624 3599 724 3649 Pallasii
737 3613 761 3648 et
772 3601 858 3650 forsan
871 3605 1001 3654 Fischeri?
1040 3591 1044 3599 ι

118 3720 145 3767 Ρ.
165 3724 219 3779 249.
236 3718 253 3765 l.
271 3733 308 3765 ια.
324 3716 503 3764 Ranunculum
513 3712 762 3779 ophioglossifolium
774 3715 803 3762 in
815 3717 907 3766 Taurii
918 3690 1011 3783 reperit
1023 3723 1069 3772 cel.
1081 3727 1179 3777 Stevsn.

117 3785 143 3831 P.
162 3786 217 3842 273.
234 3783 251 3830 l.
269 3791 307 3838 ia.
323 3779 488 3828 Ranunculns
498 3779 588 3826 nivalis
598 3780 626 3825 in
636 3778 724 3825 Sibiria
736 3779 768 3825 ad
778 3783 871 3832 Lenam
879 3785 1033 3836 inferiorem,
1046 3792 1136 3838 stepen,

117 3851 143 3896 P.
162 3851 217 3897 352.
233 3848 286 3896 Sub
299 3864 325 3894 n.
335 3848 375 3903 23,
385 3844 552 3909 Delphinium
561 3843 742 3906 chsiltutbum,
750 3845 831 3893 adde:

118 3937 154 3989 D.
169 3937 343 3990 Daourieum.
353 3937 467 3996 Scevenl
481 3935 555 3991 ined.

169 4060 193 4104 r.
671 4082 677 4093 -
1014 4036 1060 4107 35
