2692 4628
117 191 1225 249 m

270 467 631 556 SIGNORUM
672 471 1064 580 VOCUMQUE

488 751 849 821 annnavm‘maun

407 986 927 1097 EXPLICATIO..

565 1303 781 1323 Μ

109 1561 145 1636 Θ
164 1528 307 1618 psalm
327 1564 650 1682 monocarpicamempe
712 1557 840 1613 fruticosa
850 1569 877 1612 et
888 1560 1088 1632 cujnsaltitudo
1098 1564 1223 1640 atpede·

143 1630 598 1700 unicavicefructificans,sedcujus
622 1650 651 1682 u·
712 1643 829 1701 superat.

146 1702 214 1756 ratio
222 1714 261 1754 est
269 1701 490 1770 ignota,incerta
499 1701 634 1753 autvaria.
677 1711 713 1758 υ
730 1697 821 1751 Planta
836 1700 973 1757 scandens.

110 1772 147 1844 (D
157 1774 247 1824 Planta
255 1779 449 1842 monocarpica
455 1793 561 1834 annua,
570 1789 648 1822 nem·
705 1789 710 1806 ¹
731 1770 914 1823 Dextrorst'tm
928 1772 1069 1827 scandens.

145 1850 179 1915 pe
199 1842 279 1893 unica
296 1842 353 1893 vice
367 1840 548 1905 fructificans,
560 1852 587 1892 et
601 1858 653 1910 per
731 1840 922 1893 Sinistrorsirm
934 1841 1074 1896 scandens.

144 1931 247 1964 annum
264 1909 298 1961 ad
311 1930 448 1962 summum
464 1911 547 1964 vitam
565 1921 650 1962 totam
681 1919 709 1970 Δ
731 1910 844 1981 Semper
855 1911 954 1966 virens.

145 1981 254 2047 degens.
730 1977 823 2032 Planta
835 2000 881 2032 seu
892 1980 941 2033 flos
952 1983 1097 2038 masculae.

108 2052 144 2123 Q]
153 2051 243 2102 Planta
250 2056 443 2116 monocnrpica
450 2051 569 2111 biennis,
577 2067 650 2099 nem·
728 2047 821 2100 Planta
829 2069 876 2102 seu
886 2049 934 2102 llos
944 2053 1087 2112 femineus.

144 2117 650 2191 peunicavicesecundotantumanno
676 2119 708 2200 Q
728 2116 821 2170 Planta
833 2139 879 2171 seu
892 2119 1198 2193 floslremnaphroditus.

144 2189 320 2242 fructificans.
677 2212 709 2246 00
728 2188 865 2240 Numerus
883 2189 1058 2257 indefinitus,
1069 2193 1125 2245 sic:
1139 2193 1217 2266 ‹no-fi·

108 2258 145 2331 Θ
161 2260 255 2311 Planta
282 2263 479 2329 monocarpica
498 2263 648 2328 perennis,
710 2259 1217 2336 daslegendusmnltifidus‚oo-phyl-

143 2333 243 2399 nempe
261 2346 312 2398 per
329 2328 462 2399 plurimos
485 2345 570 2378 annos
586 2339 649 2378 ante
677 2335 679 2338 ’
710 2331 754 2382 lus
767 2327 897 2395 legendus
906 2333 1098 2404 polyphyllus.

140 2397 339 2452 florescentium
349 2413 469 2450 crescens
481 2408 578 2466 etpost
590 2415 648 2447 eam
677 2401 689 2453 P
708 2399 822 2467 Signum
834 2396 1031 2464 dubitationis,
1048 2400 1138 2472 quoad
1155 2420 1216 2456 ver·

142 2469 271 2523 moriens.
710 2472 833 2522 bumseu
846 2468 968 2539 phrasin,
982 2489 1030 2522 seu
1040 2491 1141 2525 nomen
1150 2491 1219 2544 prte-

109 2522 141 2610 Ἆῤ
160 2539 253 2590 Planta
262 2539 461 2609 rlaizocarpica,
468 2538 648 2608 nempecujus
711 2537 817 2592 cedens.

106 2600 110 2612 ⁸
142 2609 225 2661 caulis
251 2607 330 2659 unica
357 2608 416 2659 vice
438 2608 559 2658 fructum
579 2607 646 2670 lert,
676 2608 1180 2679 lSignumexclamationis3indescri
1201 2639 1214 2656 ·

144 2677 243 2731 deinde
252 2678 379 2741 moritur,
386 2689 412 2728 et
421 2676 499 2727 annis
509 2675 646 2745 sequenti·
709 2679 829 2731 tionibus
840 2678 940 2731 indicat
949 2680 1130 2734 characterem
1139 2630 1217 2734 valde

141 2751 193 2802 bus
211 2747 257 2800 alii
276 2748 364 2798 caules
383 2745 517 2797 fructiferi
528 2749 544 2795 e
558 2743 647 2797 radice
710 2749 885 2816 singularem,
896 2767 943 2800 seu
955 2764 1155 2803 momentosum
1166 2788 1175 2814 ‚
1187 2752 1217 2804 in

161 2818 256 2870 erenni
269 2829 429 2884 exsurgunt.
709 2818 872 2889 synonymia
887 2836 1060 2890 synonymon
1082 2839 1116 2872 ex
1128 2820 1218 2892 speci·

104 2889 136 2956 ξ)
171 2889 243 2941 lanta
251 2887 452 2957 caulocarpica‚
461 2889 559 3004 nempe
568 2887 646 2955 cujus
707 2889 781 2940 mine
792 2888 825 2938 ab
833 2887 1215 2961 auctoreipsoinscriptoeru-

141 2954 520 3028 caulespersistuntetpluries
536 2966 646 3006 ructum
708 2970 776 3010 tum.

115 3086 118 3091 ,
141 3028 244 3097 edunt,
263 3025 310 3079 sed
331 3028 408 3096 cujus
427 3022 587 3095 magnitudo
605 3035 646 3075 est
673 3026 691 3093 †
720 3027 835 3096 Signum
849 3026 972 3080 indicans
984 3028 1081 3100 speciei
1095 3029 1216 3098 generis·

139 3098 232 3167 ignota
247 3108 294 3147 aut
309 3096 420 3147 incerta.
707 3114 740 3148 ve
760 3097 941 3150 characterem
959 3117 1015 3150 non
1037 3098 1101 3150 satis
1115 3112 1213 3151 notum
1231 3118 1235 3129 ¹

32 3140 90 3245 ,t
104 3162 133 3232 '3
158 3166 252 3217 Planta
266 3168 459 3237 caulorarpica
479 3162 643 3236 susstinens,
707 3184 772 3218 esse.

87 3232 94 3247 ¹
140 3240 239 3306 nempe
258 3236 386 3286 fruticosa
400 3249 427 3286 et
440 3237 518 3304 cujus
529 3231 645 3285 altitudo
673 3240 686 3267 *
705 3236 819 3304 Signum
830 3251 891 3307 post
904 3238 1021 3290 auctoris
1039 3255 1215 3310 synonymon

140 3304 175 3357 ad
188 3323 325 3357 summum
339 3303 440 3375 pedalis
459 3301 632 3374 bipedalisve.
707 3305 809 3357 indicat
820 3306 847 3356 in
858 3307 938 3377 hujus
953 3308 1026 3359 libro
1035 3307 1126 3361 adnue
1136 3308 1214 3377 plan·

113 3374 133 3440 5
157 3374 248 3426 Planta
260 3371 562 3444 caulocarpicafrutex,
572 3389 646 3423 nem·
707 3388 739 3426 tae
750 3375 958 3456 descriptionem
971 3377 1141 3448 completam.

140 3451 175 3516 pc
194 3443 322 3495 fruticosa
337 3455 363 3494 et
381 3445 457 3512 cujus
475 3440 591 3494 altitudo
602 3457 647 3491 va·
674 3448 691 3515 5
711 3445 825 3512 Signum
839 3446 961 3498 indicans
973 3447 1118 3498 divisiones
1129 3463 1214 3514 gene·

140 3515 223 3578 riat,a
237 3533 251 3564 s
263 3512 297 3564 atl
308 3531 339 3564 ro
349 3509 442 3582 pedes,
455 3524 482 3562 et
493 3513 570 3580 cujus
581 3509 646 3562 anni
708 3533 771 3566 rum
783 3526 830 3566 aut
839 3514 967 3568 ordinum
979 3516 1099 3568 facilitati
1108 3517 1157 3567 soli
1168 3516 1214 3567 iu·

140 3584 174 3635 ab
187 3583 245 3652 ipsa
257 3583 347 3634 trunci
357 3581 414 3632 basi
424 3581 559 3635 oriuntur.
710 3583 856 3636 servientes
878 3605 928 3638 nec
946 3587 1057 3638 nomine
1075 3585 1131 3638 ullo
1150 3584 1217 3638 ideo

110 3652 135 3718 5
156 3652 249 3704 Planta
272 3654 464 3723 caulocarpica
484 3655 644 3717 arbuscula,
708 3648 829 3706 donatas.

139 3726 237 3792 nempe
255 3721 382 3773 fruticosa
398 3733 425 3773 et
442 3723 519 3792 cujus
530 3721 645 3775 altitudo
672 3725 753 3776 AEst.
772 3723 894 3778 AEstate.

140 3806 180 3844 est
191 3792 264 3843 inter
282 3809 313 3842 ro
330 3803 357 3842 et
370 3791 401 3843 25
418 3790 512 3861 pedes,
524 3803 551 3842 et
567 3794 644 3862 cujus
671 3795 731 3845 Alb.
751 3792 884 3845 Albumen
895 3813 942 3848 seu
952 3794 1163 3868 Perispermnm.

139 3875 253 3913 truncus
261 3859 319 3912 basi
329 3859 491 3914 denudatur.
671 3863 755 3915 Anth.
773 3863 901 3920 Anthera.

113 3930 643 4004 5Plantacaulocarpt'caarbor,nempe
672 3934 738 4004 Apr·
759 3931 857 4006 APlffit
