2708 4604
118 221 161 270 to
497 217 827 274 vnotncomttm

159 318 436 405 Quotiescunque
453 317 496 383 de
510 321 626 407 planta
641 318 740 408 plane
754 313 837 380 novai
850 330 909 379 aut
923 316 1091 384 rarissimi
1103 323 1228 410 agitur,

115 431 242 473 nornen
271 409 532 497 peregrinaturis
558 410 618 498 qui
651 408 710 472 iltt
734 407 912 471 scientiam
942 405 1081 491 ditavit,
1104 413 1227 479 sedulo

116 499 230 564 notavi
243 522 253 580 3
268 498 474 584 justissimus
493 515 525 562 et
540 502 617 564 vere
633 498 769 563 debitus
787 495 961 560 videbitur
974 496 1032 561 hic
1047 499 1161 566 honor
1181 505 1226 568 iis

65 620 68 625 ·
115 589 194 676 qui,
221 589 425 653 incrementi
447 589 664 653 scientiarum
691 588 815 677 gratid,
836 587 949 650 littora
972 588 1072 678 longe
1093 610 1225 658 remota

19 728 22 735 .
115 680 289 766 mariaque
309 680 492 766 procellosa
506 681 581 744 vitae
593 679 746 768 periculo
761 676 943 758 adierunt,
959 693 993 741 et
1007 679 1130 766 gaudia
1145 705 1226 770 per·

115 785 248 832 tentant
259 785 375 857 pectus
396 793 508 834 meum
522 819 531 852 ,
544 771 814 857 quotiescunque
824 767 974 832 scientiae
989 770 1226 860 societatisque

116 862 309 923 communis
325 861 487 950 interpres
501 878 594 950 grato
605 874 805 924 cunctorum
818 858 934 922 animo
948 860 1019 922 haec
1033 863 1238 951 peregrina·¹

116 965 229 1012 torum
246 950 403 1013 sacrificia
424 952 560 1016 inventa
574 967 608 1015 et
621 948 785 1014 beneficia
811 949 1049 1013 commendare
1067 956 1222 1038 possum!

116 1040 247 1102 utinam
264 1040 419 1128 religiosa
433 1043 577 1106 attentio
593 1042 680 1128 ,qud
698 1039 813 1130 glorian
833 1055 961 1127 partem
982 1063 1076 1103 suam
1100 1042 1225 1130 cuique

116 1129 246 1211 tribuo,
260 1130 401 1194 viatores
419 1132 538 1196 incitet
549 1147 583 1196 et
597 1132 793 1196 collectores
805 1146 840 1193 et
855 1129 1084 1195 observatores
1104 1154 1224 1197 omnes

117 1219 241 1306 quibus
271 1241 329 1283 sua
360 1222 397 1284 in
426 1223 537 1286 lucem
566 1220 693 1287 edendi
724 1220 855 1284 occasio
887 1218 997 1302 deest,
1023 1221 1065 1284 ad
1094 1240 1226 1309 reperta

117 1308 356 1397 observataque
380 1333 439 1374 sua
460 1312 546 1385 mihi
575 1308 881 1391 communicanda,
897 1327 936 1373 ut
959 1310 1044 1393 haec,
1065 1312 1228 1395 istorum,

115 1401 267 1462 virorum
292 1401 388 1487 quasi
415 1398 518 1466 notdr-
535 1418 568 1466 et
594 1402 780 1490 evulgator,
801 1403 897 1463 secus
918 1399 1074 1464 ordinem
1102 1419 1135 1466 et
1162 1403 1228 1466 sub

116 1489 335 1554 inventorum
351 1490 490 1555 nomine
507 1492 543 1556 in
561 1493 752 1581 plantarum
769 1504 943 1577 systemate
966 1491 1147 1554 universali
1172 1492 1228 1555 in·

115 1582 243 1643 seram!
260 1580 333 1642 Hoc
356 1582 456 1645 etiam
484 1584 687 1672 magnopere
703 1598 785 1644 aveo
800 1600 962 1667 generum
987 1581 1116 1644 scilicet
1130 1581 1228 1645 ordi-

117 1691 242 1735 numve
267 1673 417 1759 reperire
445 1671 727 1763 monographias3
745 1671 796 1733 bae
826 1670 929 1752 mibi,
956 1669 993 1732 in
1019 1670 1122 1760 longo
1150 1694 1231 1737 meo

118 1761 240 1824 itinere
250 1809 258 1842 ,
270 1777 309 1823 ut
326 1763 446 1827 viatori
459 1765 523 1828 sub
539 1763 609 1828 sole
625 1760 758 1827 fervido
781 1760 891 1824 sontes
906 1760 1087 1842 uberrimi,
1101 1763 1229 1847 jucun·

118 1849 265 1940 dissimoe
278 1853 438 1938 venient;
453 1877 570 1918 omnes
588 1856 668 1943 ergb
680 1867 730 1916 tot
743 1867 826 1938 quot
837 1850 905 1914 sint
916 1851 1045 1915 tirones
1062 1851 1232 1938 opinione

119 1940 305 2004 consiliove
326 1964 403 2029 meo
428 1943 612 2009 movendos
626 1965 687 2008 oro
701 1959 802 2029 atque
826 1941 1000 2020 obsecror,
1027 1956 1066 2004 ut
1090 1963 1161 2005 sese
1187 1940 1232 2006 ad

116 2029 257 2117 -generis
274 2028 447 2097 ordinisve
461 2032 740 2121 monograpb'iam
754 2030 904 2094 studiose
919 2031 1113 2120 accingant,
1129 2047 1163 2095 et
1180 2032 1232 2096 sic

120 2117 163 2180 ad
182 2118 315 2183 futuros
334 2123 508 2187 Botanices
536 2143 727 2210 progressus
750 2121 912 2207 quisque,
938 2142 1000 2207 pro
1030 2136 1123 2210 parte
1146 2124 1232 2201 sub,

120 2213 651 2304 concurrant;b·monograp11is
678 2209 758 2274 solis
787 2209 929 2291 etenim,
944 2227 982 2273 ut
1003 2212 1072 2298 jam
1097 2211 1235 2300 scripsit

121 2301 162 2364 cl.
180 2301 401 2385 'snarrrnmm
423 2327 501 2369 vera
517 2305 646 2368 utilitas
668 2318 702 2366 et
728 2301 863 2366 stabiles
884 2300 988 2364 studii
1020 2301 1126 2365 nostri
1150 2323 1233 2389 pro·

81 2413 86 2419 ·
119 2413 250 2480 gressus
268 2395 435 2480 expectari
450 2395 587 2459 debent.

165 2482 358 2545 Plantarum
386 2487 451 2550 rite
478 2485 689 2573 cognitarum
713 2480 833 2572 (quod
862 2482 1105 2569 esynonymid
1132 2480 1260 2545 facile·

122 2573 272 2660 eruitur)
286 2571 547 2663 descriptionem
562 2575 785 2654 nullam,meo
796 2572 887 2635 enim
899 2594 1000 2635 sensu
1010 2569 1234 2658 superfluam,

120 2664 209 2726 ultra
224 2663 448 2729 characterem
460 2664 655 2753 specificum
670 2662 762 2746 dedi,
774 2677 831 2725 aut
844 2685 917 2726 eam
929 2660 972 2726 ad
983 2661 1235 2725 observationes

23 2791 26 2795 >
120 2753 337 2842 paucissimas
364 2756 539 2835 contraxi3
568 2754 627 2819 sed
651 2753 763 2842 quoad
801 2753 920 2839 stirpes
949 2773 1057 2815 novas,
1079 2766 1137 2814 aut
1163 2773 1235 2814 non

121 2842 204 2908 satis
213 2845 492 2933 cognitas,phrasi
503 2845 776 2928 characteristicon
786 2841 1049 2929 descriptionem
1062 2841 1237 2927 subjunxi,

122 2933 166 2998 ad
176 2957 306 2998 summa
314 2952 426 2999 tamen
441 2936 546 3025 capita
557 2934 788 3016 redactam,ut
800 2955 877 2996 cum
887 2929 1047 2994 affinibus
1057 2930 1237 3020 speciebus

112 3025 238 3088 minus
253 3030 393 3114 operose
408 3029 459 3091 hae
474 3028 601 3114 species
619 3024 766 3088 conferri
780 3038 917 3111 queant.

119 3142 124 3153 ·
167 3116 350 3180 Methodus
388 3120 454 3205 qua
484 3117 659 3180 varietates
688 3115 724 3179 in
750 3113 849 3177 libris
878 3112 1043 3176 botanicis
1074 3109 1234 3174 indicatae

103 3206 279 3287 sinerum,
296 3207 382 3270 mihi
409 3210 495 3296 saepe
520 3205 686 3270 nonsatis
706 3218 859 3268 accurata
884 3203 952 3265 visa
970 3217 1036 3284 est;
1056 3201 1235 3281 varietates

123 3296 252 3359 etenim
280 3297 417 3382 majoris
442 3312 475 3359 et
492 3295 634 3359 minoris
660 3292 826 3358 momenti
851 3291 972 3356 iisdem
988 3290 1093 3380 signis
1113 3305 1147 3354 et
1166 3295 1235 3357 unt

123 3385 311 3473 eidemque
325 3387 410 3449 serie
426 3384 645 3473 designantur
654 3387 760 3470 ,saepe
773 3383 874 3446 etiam
884 3382 1084 3445 variationes
1096 3380 1236 3446 diversae

123 3478 162 3541 in
180 3476 303 3540 iisdem
323 3474 568 3566 speciminibus
581 3472 841 3553 combinantur3
856 3472 1040 3537 litterarum
1054 3493 1236 3559 graecarum

125 3568 246 3632 seriem
264 3581 297 3628 et
313 3566 494 3639 nominum
517 3564 714 3627 varietatum
732 3584 829 3625 usum
847 3578 976 3626 tantum
995 3561 1116 3625 admisi
1141 3561 1177 3622 in
1196 3560 1238 3623 iis

127 3659 261 3724 casibus
285 3656 347 3720 ubi
368 3654 523 3719 dubitare
542 3653 622 3717 lieet
636 3675 750 3718 annon
766 3654 904 3718 varietas
921 3653 965 3716 sit
979 3652 1092 3716 forsan
1107 3651 1236 3738 species

109 3749 318 3830 'ultera,aut
342 3747 458 3811 saltem
483 3749 559 3808 cum
587 3742 671 3808 adeo
696 3744 854 3832 frequens
880 3744 923 3807 sit
951 3758 984 3806 et
1005 3757 1182 3820 constans,
1201 3755 1239 3802 ut

129 3861 206 3902 eam·
228 3836 327 3901 multi
342 3858 404 3925 pro
426 3835 538 3923 specie
561 3834 760 3915 habuerint,
783 3851 841 3898 aut
856 3835 892 3896 in
906 3833 1014 3896 bortis
1029 3854 1089 3920 per
1104 3846 1237 3918 tempus

131 3928 283 3994 notabile
314 3928 358 3992 sit
384 3924 554 3992 servanda.
579 3923 698 4008 Quoad
713 3947 819 3989 meras
844 3923 1067 4005 variationes,
1091 3920 1181 3986 inter
1202 3941 1236 3984 se
