2708 4604
509 171 844 220 PROLEGOMEM·
1200 178 1225 248 9

119 272 251 352 omnia,
274 268 399 357 cuique
439 271 566 358 speciei
597 271 633 334 in
673 271 773 335 variis
803 270 1013 358 temporibus
1039 270 1226 361 adsignata,

119 366 284 451 quantum
304 360 396 440 novi,
405 358 584 441 citavi‚sed
597 360 721 448 cuique
737 361 869 425 nomini
882 359 1078 425 citationem
1092 363 1225 427 charac-

121 454 202 518 teris
215 453 298 538 saepe
312 448 407 530 falsi,
420 471 553 538 semper
568 450 719 529 inutilis,
734 473 802 536 quo
818 451 929 537 planta
942 449 1024 512 olim
1036 451 1226 540 distingue·

119 543 236 622 batur,
248 540 469 626 subjungere,
479 561 540 603 nec
553 539 894 628 nondesignationem
905 556 1081 604 auctorum
1091 543 1150 629 qui
1165 565 1227 606 nec

121 629 402 718 descriptionem,
416 650 477 692 nec
490 628 635 709 iconem,
647 651 710 693 nec
726 629 898 693 historiam
908 627 1094 711 dederunt,
1108 653 1145 694 su
1172 654 1227 695 or·

120 741 306 786 vacaneum
319 719 595 783 omninocensui.
607 720 798 806 synonyma
808 719 919 781 omnia
927 654 1228 807 temporisordine,

122 814 141 874 a
156 808 307 899 pristinis
322 807 364 871 ad
384 809 571 873 recentiora
595 830 737 897 pergens
750 856 759 890 ,
775 808 917 895 digessi,
931 825 968 870 ut
982 810 1144 897 quisque,
1169 811 1227 875 tali

123 900 210 965 serie
226 896 366 979 ductus,
380 898 502 987 plantae
521 899 751 978 inventorem,
768 897 916 961 scientiae
927 896 1012 977 sata,
1030 916 1062 962 et
1077 901 1227 964 nominis

121 993 142 1053 a
155 1011 208 1052 me
220 989 347 1076 recepti
361 1009 493 1052 causam
505 989 601 1052 facile
615 1004 744 1052 noscat:
758 987 820 1050 hac
832 988 925 1051 enim
941 992 1055 1050 norma
1070 990 1103 1051 in
1119 991 1230 1053 nomi·

125 1078 225 1142 nibus
239 1076 459 1143 admittendis
472 1101 605 1166 semper
615 1077 736 1143 ductus
751 1100 841 1158 sum,
853 1079 993 1162 nempe,
1004 1078 1227 1143 methodicam

123 1168 412 1232 nomenclaturam
431 1171 450 1230 a
472 1168 610 1232 Linnaeo
629 1168 800 1233 conditam
827 1166 929 1230 fuisse
948 1165 1094 1253 idcbque
1108 1167 1150 1231 ab
1164 1169 1227 1231 hac

122 1260 250 1347 epocha
279 1280 403 1321 nomen
431 1259 594 1322 vetustius
618 1280 750 1346 semper
774 1255 1023 1333 admittendum
1052 1279 1138 1335 esse,
1163 1259 1229 1321 nisi

121 1350 242 1436 plantae
264 1349 331 1436 ipsi
355 1348 497 1412 omnino
515 1347 737 1426 contradicat,
753 1363 810 1410 aut
825 1347 1089 1410 nomenclatura
1107 1347 1231 1434 regulis

122 1437 358 1501 essentialibus
369 1438 563 1527 oppositum
576 1438 639 1519 sit,
653 1454 712 1501 aut
720 1437 778 1500 alii
796 1436 917 1524 plantae
930 1439 998 1521 jam
1015 1435 1184 1498 additum.

168 1528 262 1591 luter
275 1528 419 1591 cautelas
432 1533 451 1590 a
463 1549 517 1590 me
536 1551 610 1592 rece
638 1545 685 1591 tas
700 1528 896 1613 utquisque
924 1548 1053 1589 errores
1083 1548 1176 1589 meos
1196 1526 1231 1589 in

122 1633 294 1705 posterum
302 1617 492 1705 perspiciat,
502 1552 650 1681 notanda
660 1633 710 1682 est
718 1615 898 1679 methodus
907 1613 1153 1691 liamarcliana,
1166 1618 1232 1701 qua

123 1707 229 1792 signis
239 1707 387 1794 propriis
403 1705 491 1768 infra
506 1705 714 1794 explicandis
724 1704 840 1767 omnia
853 1704 896 1766 ab
910 1720 1044 1768 auctore
1058 1705 1127 1768 visa
1143 1703 1234 1767 desi·

125 1809 375 1879 gnantur3non
393 1798 523 1856 tantum
541 1794 689 1859 indicavi
709 1816 763 1857 me
786 1793 874 1855 hanc
898 1791 950 1854 vel
978 1792 1070 1856 illam
1087 1794 1231 1880 speciem

127 1882 236 1944 vivam
251 1882 428 1961 siccumve,
438 1900 655 1970 spontaneam
669 1901 728 1947 aut
741 1883 862 1946 cultam
874 1930 882 1962 ‚
894 1881 1034 1962 vidisse;
1048 1882 1106 1946 scd
1121 1884 1232 1972 specie

126 1971 272 2058 quadam
294 1970 330 2034 in
346 1971 505 2036 herbario
522 1996 599 2038 meo
619 1973 813 2052 deficiente,
826 1970 945 2035 sedulo
968 1972 1077 2034 notavi
1096 1973 1130 2034 in
1149 1995 1233 2060 quo·

127 2083 204 2124 nam
225 2083 348 2125 musaeo
360 2061 532 2149 specimen
550 2063 651 2148 hujus
664 2061 757 2141 vidi,
771 2063 885 2147 sicque
901 2060 936 2122 in
954 2077 1123 2148 posterum
1140 2064 1232 2148 quis-

124 2173 191 2237 que
206 2151 411 2239 ipsissimum
432 2153 602 2241 specimen
619 2156 638 2216 'a
654 2174 708 2216 me
733 2151 937 2239 descriptum
960 2150 1058 2215 facila
1080 2152 1230 2239 reperire

124 2256 260 2328 potent.

169 2331 363 2396 Plantarum
390 2334 531 2421 patriam
550 2333 774 2439 negligenter,
787 2357 841 2399 me
855 2333 986 2420 judice,
1001 2334 1178 2420 hucusque
1191 2334 1229 2396 in

124 2420 222 2486 libris
243 2423 508 2510 generalioribus
537 2425 690 2490 botanrci
720 2426 972 2500 indicaverunt;
988 2423 1083 2487 nullo
1105 2423 1232 2489 etenim

126 2510 324 2576 discrimine
349 2513 467 2578 habito
490 2515 638 2578 confusae
659 2516 818 2604 leguntur
842 2513 1088 2593 habitationes,
1109 2535 1169 2575 seu
1192 2534 1234 2575 cx

125 2602 293 2688 autopsia,
309 2624 369 2666 seu
394 2625 435 2666 ex
465 2603 726 2669 hortulanorum
752 2604 966 2682 testimonio,
981 2625 1041 2665 scu
1056 2625 1096 2665 cx
1114 2601 1233 2664 herba·

124 2691 564 2772 riorumadnotationibus,
581 2718 639 2759 seu
657 2717 699 2759 ex
726 2695 826 2759 meris
847 2691 1042 2780 synonymis
1071 2707 1233 2779 receptac3

126 2780 219 2843 unde
242 2781 279 2844 fit
306 2798 344 2845 ut
366 2804 495 2847 errores
521 2807 639 2850 omnes
658 2785 693 2849 in
722 2784 818 2847 libris
846 2783 968 2846 nostris
997 2804 1090 2846 nunc
1116 2780 1232 2856 obvii,

126 2874 241 2933 revera
269 2871 303 2933 in
330 2874 540 2961 geographiae
577 2874 741 2939 botanicae
776 2873 1038 2949 detrimentum,
1069 2871 1138 2932 sint
1164 2870 1233 2933 lere

126 2959 376 3025 inextricabiles
393 2987 402 3044 ;
419 2963 490 3027 haec
514 2964 697 3051 sphalmata
724 2963 840 3026 saltem
863 2961 1051 3048 praecipua,
1068 2964 1233 3046 quantiam

125 3049 238 3136 potui,
255 3051 357 3115 vitavi
381 3074 403 3114 o
428 3074 447 3116 e
474 3053 627 3117 methodi
651 3055 743 3117 mere
767 3049 1014 3138 typographica
1038 3046 1093 3112 hic
1118 3051 1233 3138 paucis

124 3138 236 3202 verbis
255 3075 465 3205 indicandae:
481 3165 605 3206 nomen
625 3141 774 3230 regionis
801 3139 915 3203 addito
942 3140 1088 3204 auctoris
1103 3140 1232 3204 nullius
1281 3144 1301 3151 ''

125 3229 267 3295 nornine
288 3229 417 3296 indicat
431 3252 485 3295 me
497 3232 609 3320 ipsum
622 3232 770 3320 plantam
784 3228 819 3293 in
836 3230 941 3318 patria
957 3229 1091 3317 legisse:
1106 3252 1232 3294 nomen

127 3316 276 3405 regionis
306 3318 424 3384 addito
438 3323 585 3389 auctoris
601 3319 776 3407 cujusdam
803 3321 943 3383 nomine
968 3321 1089 3385 litteris
1110 3323 1233 3382 cursivis

124 3408 267 3496 scripto,
282 3407 411 3473 indicat
424 3412 565 3498 patriam
583 3435 624 3477 ex
638 3412 741 3500 hujus
761 3412 887 3475 autoris
908 3410 1103 3475 testimonio
1128 3409 1231 3472 fuisse

124 3498 283 3579 citatam,
304 3512 338 3561 et
359 3501 542 3587 meipsum
564 3502 734 3590 specimen
760 3500 930 3587 quoddam
947 3522 988 3562 ex
1008 3497 1070 3562 hac
1092 3500 1231 3585 regione

124 3604 236 3651 ortum
254 3587 378 3652 vidisse
399 3613 407 3652 :
427 3612 551 3654 nomen
571 3592 719 3681 regionis
746 3589 863 3653 addito
888 3589 1034 3652 auctoris
1056 3587 1231 3673 crrjusdam

125 3678 265 3742 nomine
283 3676 404 3742 litteris
416 3681 565 3744 romanis
577 3682 702 3768 scripto
717 3696 752 3745 et
762 3680 858 3742 uncis
875 3678 1007 3740 incluso
1031 3676 1160 3739 indicat
1177 3699 1231 3738 me

125 3764 258 3829 nullum
277 3790 318 3831 ex
333 3766 396 3832 hac
410 3771 547 3857 regione
563 3788 676 3836 ortum
687 3770 858 3859 specimen
875 3767 1017 3847 vidisse,
1032 3782 1065 3828 et
1085 3786 1230 3852 synony·

125 3855 202 3921 miae
216 3856 279 3922 soli
295 3855 396 3922 fidem
413 3859 581 3926 habuisse.
