2708 4604
523 252 889 305 rauracourra.
1244 243 1267 317 3

152 358 242 450 apud
252 373 380 425 veteres
400 353 557 436 tentavit,
578 352 719 419 timidus
742 355 847 420 hodie
862 353 1050 461 aggredior.
1064 356 1173 447 Coepti
1196 365 1267 433 mei

151 474 221 517 non
234 449 347 515 arduae
364 467 416 511 me
427 444 534 509 latent
548 442 959 533 difficultates,1eelrujus
970 445 1135 512 immensa
1147 450 1266 537 moles,

150 542 179 605 si
201 540 290 603 hanc
316 561 395 602 cum
416 533 562 600 actuosis
583 533 741 601 bumanae
770 536 844 601 vite
878 536 977 619 annis
1005 536 1180 621 conferas,
1200 564 1268 609 nec

150 630 230 694 aleae
244 630 314 695 ista
328 650 401 716 quae
414 647 474 715 per
490 622 620 689 detecta
636 647 722 689 nova
737 623 871 689 aedificii
888 627 956 692 mei
975 626 1129 693 nondlrm
1149 630 1266 699 forsan

151 719 310 783 exstructi
322 732 429 806 partes
441 714 625 779 nonnullas
638 731 787 781 evertere
808 732 955 805 queunt,
972 740 1166 807 quanquam
1183 728 1265 789 verb

152 809 247 897 operi
264 805 476 896 imperfectio
487 827 556 871 non
570 827 638 869 una
648 804 1022 889 necessarioadlraereat,
1033 806 1137 897 probi
1149 824 1264 879 tamen

150 898 231 970 novi
251 897 402 963 laborem
419 896 512 960 hunc
528 917 664 978 meum,
679 897 742 961 etsi
759 896 1017 985 imperfectum,
1038 922 1077 962 ex
1101 901 1262 969 omnibus

150 986 323 1052 laboribus
338 986 381 1052 ad
397 986 588 1053 botanicam
605 986 786 1074 specialem
812 985 1045 1075 generalemve
1075 990 1263 1059 theoricam

148 1078 392 1167 applicatamve
408 1074 660 1166 propagandam
688 1074 915 1165 suscipiendis
940 1077 1158 1145 utilissimum
1179 1082 1263 1151 lore.

147 1167 304 1233 Scientiae
321 1184 442 1232 nostrae
468 1166 626 1257 rapidum
650 1182 711 1256 per
726 1167 789 1233 hos
806 1167 942 1255 triginta
961 1167 1131 1254 inquietos
1155 1194 1263 1239 annos

145 1257 347 1346 respiciens,
360 1258 637 1348 rapidioremque
653 1258 688 1322 in
705 1275 855 1346 posteros
869 1258 1023 1345 (utinam
1039 1258 1262 1353 placidiorcs)

145 1348 472 1437 praesagiens501are
490 1349 560 1435 jam
587 1371 681 1413 nunc
700 1347 820 1431 rideo,
834 1347 959 1436 plantis
988 1370 1029 1412 ex
1055 1351 1260 1441 quicunque

143 1452 310 1503 terrarum
350 1456 419 1504 arte
432 1439 557 1521 allatis,
568 1461 653 1526 opus
668 1460 781 1503 mcum
796 1438 852 1502 hic
867 1455 901 1501 et
916 1439 987 1502 illic
998 1438 1259 1528 incompletum‚

143 1542 193 1609 ct,
207 1544 245 1593 ut
261 1530 306 1592 ita
316 1463 428 1594 dicam
438 1577 447 1612 ,
459 1550 619 1595 mancum
633 1529 707 1593 sinc
720 1527 827 1593 dubio
841 1551 1017 1592 evasurum
1030 1554 1039 1611 3
1054 1529 1113 1593 scd
1129 1531 1262 1619 aliqua,

143 1638 262 1706 spero,
275 1641 316 1683 ex
328 1619 383 1682 his
398 1620 522 1683 futuris
539 1618 713 1683 laboribus
729 1619 947 1706 portiuncula
962 1617 1049 1680 milri
1072 1619 1263 1706 tribuetur,

145 1707 175 1768 si
191 1706 272 1771 libri
300 1709 404 1793 hujus
430 1709 597 1796 generalis
622 1706 786 1772 methodo
810 1707 985 1771 botanicos
1008 1708 1210 1794 specialibus
1227 1726 1262 1775 et

147 1794 291 1858 minutis
304 1796 459 1862 addictos
477 1796 521 1860 ad
538 1797 727 1885 generalia,
740 1795 955 1885 generalibus
980 1801 1059 1861 verb
1084 1798 1260 1866 studentes

147 1881 191 1947 ad
216 1885 397 1973 specialia,
426 1891 591 1974 quantirm
618 1887 653 1951 in
685 1910 739 1953 rne
763 1887 841 1970 erit,
870 1902 1064 1951 convertere
1087 1888 1259 1978 simulque

92 1970 99 1985 '
147 1970 295 2062 dirigere
311 1992 469 2063 potuero.
492 1975 594 2060 Quod
613 1978 641 2040 si
662 1978 738 2065 quis
767 1991 920 2043 autumat
943 1999 998 2041 mc
1022 1979 1167 2066 suseepti
1189 1980 1259 2045 mei

143 2065 338 2153 gravitatem
350 2067 462 2130 verbis
474 2067 748 2156 exaggerare,hic
757 2067 965 2131 carthusianae
979 2067 1028 2131 rei
1046 2085 1143 2132 tantae
1158 2069 1258 2135 molis

143 2155 330 2221 condendae
354 2159 542 2225 necessarie
563 2159 698 2225 veniam
726 2158 800 2240 det,
817 2161 960 2247 precor!
976 2175 1176 2246 reputetque
1202 2183 1258 2224 me

143 2245 293 2330 nedum,
310 2249 392 2315 huic
413 2251 604 2338 plantarum
631 2250 899 2315 enumerationis
928 2249 1067 2311 utilitati
1090 2246 1258 2315 confisum

141 2335 246 2402 fuisse
256 2387 265 2421 ,
276 2357 416 2404 conatus
427 2357 541 2405 contra
554 2363 646 2405 acres
659 2339 795 2405 dedisse
807 2356 846 2403 ut
856 2338 1023 2403 indefessa
1042 2343 1139 2420 cura,
1155 2356 1257 2427 atque
1337 2414 1341 2419 ,

140 2425 257 2493 labore
273 2429 431 2518 improbo
449 2453 534 2520 opus
550 2425 821 2519 meum'publico
837 2452 973 2495 assensn
986 2451 1055 2492 non
1071 2428 1255 2517 indignum

141 2516 330 2602 efficerem3
342 2543 488 2609 cumque
509 2522 612 2608 hujus
628 2521 709 2584 libri
725 2521 854 2584 utilitas
870 2518 1038 2608 praecipua
1048 2519 1084 2580 in
1101 2519 1167 2582 hoe
1179 2534 1255 2603 stet,

142 2612 283 2697 nempe,
298 2626 337 2673 ut
351 2611 440 2676 clare
455 2628 565 2700 pateat
576 2611 654 2699 quis
672 2609 803 2676 fidueiae
818 2610 940 2699 gradus
955 2608 1144 2695 unicuique
1160 2631 1253 2672 mea·

142 2720 218 2762 rum
234 2702 457 2766 assertionum
476 2702 521 2767 sit
535 2700 739 2767 tribuendus
756 2751 766 2785 ,
782 2701 890 2766 fusilis
903 2701 961 2764 hic
972 2698 1069 2762 lubet
1083 2721 1254 2788 exponere

145 2790 218 2851 tum
230 2789 311 2854 libri
326 2807 468 2880 systema
482 2793 656 2881 generale,
672 2795 744 2856 tiam
760 2791 969 2856 adminicula
991 2788 1077 2852 milii
1096 2780 1252 2876 indrujus

146 2877 357 2948 confectione
375 2881 576 2965 obvia,tl1m
592 2883 739 2948 cautelas
753 2904 872 2947 omnes
891 2880 1141 2967 religiossime
1155 2877 1254 2941 adlri-

87 2990 90 3007 ¹
118 3044 130 3061 g
144 2964 240 3050 bites,
253 2984 290 3035 ut
303 2971 447 3059 quisque
459 2972 495 3034 in
511 2988 682 3060 posterum
693 2973 747 3037 vel
763 2972 904 3037 minima
920 2983 1043 3049 errata,
1057 2969 1127 3032 sive
1141 2968 1253 3034 alicua

142 3057 161 3119 a
188 3080 243 3123 me
260 3074 413 3164 recepta,
434 3062 503 3127 sive
530 3061 617 3126 mihi
645 3062 807 3151 propria,
823 3060 1017 3149 prospicere
1034 3075 1067 3121 et
1083 3060 1251 3148 corrigere

119 3168 124 3176 ·
142 3144 240 3211 facile
254 3167 372 3237 possrt.

186 3239 390 3306 Universum
415 3243 512 3332 regni
541 3241 749 3331 vegetabilis.
766 3257 908 3331 systema
935 3263 1168 3331 aggressurus,
1192 3238 1253 3303 diu

142 3326 292 3414 primlrm
309 3329 352 3395 de
366 3334 494 3397 normis
509 3332 627 3423 logicis
643 3333 678 3395 in
700 3333 765 3397 hoc
776 3348 883 3420 opere
899 3330 1117 3396 observandis
1141 3347 1253 3393 atten-

141 3416 210 3480 tiirs
226 3419 368 3507 cogitavi
380 3439 430 3504 ,et
452 3427 528 3487 cirm
554 3425 623 3488 istae
644 3446 771 3487 norma*
788 3424 825 3486 in
839 3423 997 3486 minimas
1016 3444 1124 3508 usque
1140 3420 1252 3508 operis

141 3508 374 3593 portiunculas
395 3513 520 3577 lusura
534 3531 634 3601 atque
650 3512 827 3577 influxurae
842 3512 1030 3578 necessario
1046 3527 1176 3592 essent,
1191 3510 1251 3572 has

140 3595 274 3682 judicio
284 3598 521 3675 botanieorum
533 3605 628 3693 prius
637 3605 836 3669 submittere
844 3603 928 3666 utile
937 3599 1251 3667 censui.Boraniees

142 3690 222 3774 ergb
250 3687 416 3755 Theorr'am
449 3693 686 3778 elementarem,
711 3717 770 3758 scu
796 3711 835 3757 ut
858 3693 1017 3758 nonnulli
1046 3691 1250 3769 voluerunt,

134 3774 406 3867 philosophicam,
422 3782 562 3848 incunte
581 3808 671 3849 anno
701 3783 784 3849 1813
811 3783 906 3849 edidi
933 3780 978 3868 (r)
991 3808 1000 3862 3
1015 3804 1089 3869 quae
1111 3794 1147 3842 ut
1175 3800 1252 3839 vera

139 3916 1257 3942 w

185 3990 233 4073 (r)
249 3993 369 4054 Theorr'e
379 3998 564 4054 elementaire
574 3998 612 4055 de
622 4001 652 4053 la
664 4001 835 4074 Batauique,
852 4016 865 4055 1
880 4000 938 4054 vol.
949 3995 1028 4055 irc-8.
1041 3997 1152 4065 ‚Parin
1163 3995 1254 4069 Quod
