2708 4604
167 214 236 283 132
394 216 642 283 DICOTYI..
669 237 747 284 sen
772 217 1056 285 Exoosssffis

166 336 327 421 pleraque
338 334 516 415 radicalia,
527 336 661 397 canlioa
676 334 719 396 ad
731 337 899 423 originem
910 357 1085 398 ramorum
1103 335 1279 423 peduncu-

165 424 346 508 lorumqae
365 428 438 487 sita.
452 424 641 487 Pedunculi
664 426 853 487 terminales
875 424 1031 487 axillares
1043 441 1106 487 aut
1121 430 1280 514 oppositi·

167 512 263 591 folii;
284 512 381 577 flores
400 513 470 576 albi
489 531 548 576 aut
562 514 664 595 lutei,
679 516 846 577 rarissime
867 514 1052 601 purpurei,
1066 514 1145 578 fere
1170 539 1279 581 omnes

168 602 318 664 inodori.

215 692 294 754 Vra.
310 691 430 755 Herhae
442 714 550 772 acres,
562 698 657 755 extas
670 693 844 780 applicatae
857 692 1110 757 rubefacientes
1120 695 1280 759 vesicato·

169 782 249 861 riae,
265 782 354 843 intus
381 781 540 844 exhibitae
560 782 795 845 subvenenatae
815 808 826 861 ς
850 781 1043 844 antidotum
1065 798 1123 846 est
1146 807 1237 872 aqua
1256 802 1280 848 et

170 886 315 932 acetum.
344 872 499 933 Acriores
537 888 617 932 sunt
643 873 731 934 iuter
765 873 988 957 Europaeanos
1016 873 1057 933 lt.
1085 875 1279 952 sceleratus,

170 959 214 1022 R.
229 961 329 1039 acris,
345 961 384 1022 R.
398 961 563 1039 ariensis,
580 962 618 1023 R.
634 962 749 1048 lingua
760 1010 770 1039 ‚
781 962 818 1022 ll.
837 959 1026 1039 flammula,
1041 976 1110 1024 etc.
1135 986 1280 1026 mansue

171 1049 274 1111 tiores
296 1051 334 1111 R.
357 1050 533 1136 aquatilis,
558 1051 597 1112 R.
624 1050 831 1138 pantothrix,
856 1065 916 1112 etc.
948 1071 1067 1112 omnes
1102 1052 1193 1115 sicci
1222 1053 1279 1116 feri

172 1154 309 1200 inertes.

214 1227 299 1288 Han.
312 1228 446 1314 Species
462 1232 523 1303 140
536 1228 604 1289 huc
616 1250 722 1314 usque
736 1230 876 1315 cognitae
890 1251 949 1314 per
957 1244 1068 1291 totum
1083 1230 1164 1294 lere
1175 1233 1278 1295 orbem

170 1331 206 1379 et
219 1315 256 1377 in
272 1317 473 1378 stationibus
500 1316 735 1380 diversissimis
754 1318 908 1403 disperse
924 1334 1019 1397 sunt,
1035 1324 1173 1408 nempe
1198 1326 1240 1399 44
1253 1323 1278 1383 in

168 1406 308 1492 Europa
331 1405 443 1468 media
457 1423 491 1467 et
506 1406 655 1483 boreali,
670 1430 711 1491 25
728 1408 763 1468 in
788 1407 926 1493 regione
946 1406 1213 1473 Mediterranea
1236 1426 1279 1472 aut

170 1495 336 1558 Orientali
347 1518 390 1579 ‚9
408 1499 443 1556 in
460 1495 604 1571 Sibiria,
621 1500 640 1557 3
659 1497 694 1557 in
706 1497 866 1581 Japonia,
881 1518 902 1579 9
918 1496 951 1556 ia
973 1499 1239 1579 Australasia,a
1254 1500 1279 1560 in

170 1584 294 1646 insulis
307 1584 539 1664 Mauritianis,
556 1585 596 1645 32
615 1586 649 1645 in
662 1586 815 1646 America
836 1590 904 1646 tota
919 1588 937 1646 e
955 1585 1086 1669 quibus
1107 1591 1151 1650 13
1168 1591 1206 1651 in
1221 1592 1278 1651 Am.

170 1673 318 1751 boreali,
332 1678 354 1750 4
367 1675 401 1735 in
418 1673 568 1751 llexico,
587 1674 623 1735 ιδ
648 1675 683 1734 in
703 1678 815 1736 ⁴liner.
836 1671 1073 1753 meridionali,
1092 1699 1138 1739 12
1156 1676 1277 1741 tandem

172 1762 308 1826 duobus
323 1763 463 1825 orbibus
482 1765 698 1825 communes!
713 1762 833 1844 Quoad
844 1764 1003 1824 stationes
1018 1763 1132 1841 30-40
1144 1766 1183 1828 in
1197 1789 1276 1830 mon·
1332 1774 1335 1781 '

171 1854 261 1916 tanis
283 1852 524 1915 excelsioribus
548 1851 782 1939 frigidioribus
799 1853 957 1937 Europae,
971 1852 1061 1914 Asiae
1081 1853 1238 1919 borealis
1255 1869 1277 1917 et

171 1943 337 2007 Americae
367 1941 618 2027 equinoxialis‚
646 1940 741 2018 3040
768 1942 804 2003 in
831 1940 1036 2026 palustribus
1065 1943 1278 2009 inundatiso

174 2031 280 2094 totius
292 2031 403 2109 orbis,
420 2030 524 2093 ‘ao-30
543 2032 578 2091 in
597 2031 698 2115 pratis
717 2031 900 2117 pinguibus
915 2031 1060 2117 Europae
1071 2050 1111 2094 et
1131 2036 1277 2098 Americr

174 2120 336 2199 borealis,
357 2120 458 2181 15-25
475 2121 511 2181 in
528 2120 650 2206 apricis
670 2121 897 2205 oleraceisque
923 2124 1116 2206 praesertim
1143 2123 1276 2214 regionis

171 2208 428 2272 Mediterranea
440 2224 473 2270 et
483 2208 683 2287 Orientalis,
695 2232 713 2270 a
727 2210 763 2270 in
780 2209 1006 2295 salsuginosis.
1335 2200 1341 2219 '

219 2298 293 2362 Oris.
317 2298 506 2383 Pericarpia
522 2312 600 2359 sunt
622 2299 742 2383 saepius
760 2298 913 2384 spientim
930 2319 1027 2360 secus
1044 2301 1179 2365 rachin
1200 2304 1277 2367 elon·

160 2403 284 2474 gatam
313 2386 473 2474 disposita
494 2387 531 2448 in
555 2387 731 2472 speciebus
755 2385 868 2449 radice
895 2390 1052 2473 gamos&
1077 2387 1277 2473 donatis,iu

173 2476 359 2563 capitulum
371 2475 612 2563 subglobosum
628 2492 800 2564 aggregata
815 2477 851 2537 in
864 2475 950 2538 aliis.
961 2512 1008 2525 -
1017 2477 1210 2545 Batrachia
1219 2494 1277 2545 suat

173 2567 285 2628 forsan
294 2566 450 2652 generice
458 2563 698 2652 distinguenda
710 2566 755 2628 ob
766 2566 949 2652 pericarpia
961 2575 1163 2634 transverse
1173 2573 1278 2645 striata,

172 2653 281 2741 petala
308 2655 379 2716 basi
409 2653 537 2716 foveam
566 2655 800 2717 nectarileram
832 2678 894 2718 neo
923 2657 1149 2740 squamulam
1184 2679 1277 2724 seran

171 2744 322 2830 gerentia
349 2760 384 2806 et
414 2743 580 2805 habitum.
603 2780 649 2794 -
670 2745 927 2830 Quamularum
956 2759 988 2806 et
1009 2744 1275 2837 Perioarpiorun

167 2835 289 2897 formae
315 2834 351 2895 in
380 2831 538 2920 plurimis
560 2834 699 2896 exoticis
723 2832 877 2896 nondum
900 2848 979 2896 sunt
999 2836 1175 2922 cognitae,
1194 2836 1278 2903 ethis

174 2922 392 2988 momentosis
417 2922 641 2984 caracteribus
658 2921 915 3001 deficientibus,
929 2938 1067 2986 coactus
1086 2926 1147 2988 fui
1170 2926 1217 2991 ad
1234 2924 1278 2990 ad·

176 3011 374 3079 mittendam
394 3010 685 3074 classificationcm
704 3034 774 3075 non
795 3012 873 3075 satis
896 3011 1086 3076 naturalem
1106 3031 1148 3078 et
1166 3015 1279 3082 verosi·

177 3100 304 3167 militer
317 3103 353 3162 in
366 3116 537 3186 posterum
550 3101 815 3163 emendaturam.

217 3189 292 3250 nn.
307 3191 356 3252 Er
370 3189 535 3253 fructibus
544 3238 556 3269 ,
565 3188 722 3269 floribus,
735 3190 928 3269 radicibus,
943 3189 1133 3277 foliisque,
1152 3196 1279 3284 nempe:

177 3277 206 3339 l.
229 3277 458 3343 Barnacnrrra.
481 3279 670 3366 Periearpia
686 3283 870 3344 transverse
886 3283 1161 3366 rugoso-striata.
1183 3284 1278 3350 Perat

222 3365 297 3427 alba
313 3389 424 3454 ungue
445 3368 530 3430 llaro
544 3369 639 3431 loves
658 3369 854 3432 noctariferl
871 3385 998 3431 notato.
1023 3413 1033 3428 .
1061 3415 1072 3432 .
1095 3416 1109 3434 .
1136 3375 1200 3462 Sp.
1226 3369 1278 3439 1-5

178 3457 221 3519 ll.
245 3455 475 3519 Rasrsctnus.
497 3458 687 3545 Pericarpia
710 3459 803 3520 laevia
822 3476 879 3521 aut
895 3458 1061 3521 echinata.
1081 3460 1207 3527 Petala
1222 3459 1280 3527 bati

219 3546 507 3629 squamula-aucta
508 3590 1063 3611 .................
1088 3551 1151 3638 Sp.
1177 3550 1279 3617 sas&

221 3633 251 3714 ς.
277 3656 306 3695 1.
328 3635 355 3694 F
356 3633 483 3696 loribus
491 3636 694 3716 albis,l'oliis
705 3635 882 3699 multifidis
897 3635 1101 3701 dentatisve.
1115 3639 1180 3729 Sp.
1197 3637 1280 3706 5-15.

220 3722 252 3803 §.
276 3745 308 3784 a.
332 3723 485 3786 Floribus
506 3725 609 3807 albis,
635 3725 727 3788 foliis
755 3726 994 3813 integerrimis.
1018 3769 1029 3788 .
1053 3773 1063 3788 .
1088 3728 1150 3815 Sp.
1180 3732 1279 3814 16-19·

221 3809 253 3892 ς.
278 3811 308 3873 3.
332 3812 486 3875 Floribus
502 3813 619 3894 luteis,
640 3816 732 3877 foliis
752 3813 1128 3904 integerrimis,radice
1148 3820 1279 3884 fascicu-

268 3900 330 3964 latri
335 3946 1065 3969 .......................
1090 3907 1154 3996 sp.
1170 3910 1279 3975 'ao-at
1353 3920 1354 3934 ¹
