2692 4628
52 274 1175 349 Ξε-ῌ-ΜἭ-ῄ-

227 411 1009 620 Pnocnconnrvn.

454 781 786 801 m

61 923 268 1042 potura
277 1017 288 1049 ‚
303 962 367 1032 sub
382 966 542 1031 omnibus
560 965 750 1055 aspectibus
768 981 956 1056 et.quoquo
972 970 1076 1037 modo
1093 997 1176 1040 con·

63 1065 237 1144 sideratae,
259 1058 478 1124 vastissimam
515 1056 702 1120 conficiunt
730 1056 926 1139 scientiam,
950 1083 1052 1146 qnam
1076 1088 1178 1131 sensu

63 1151 271 1246 generaliori
282 1169 471 1212 roramcart
487 1146 615 1210 dicunt.
628 1144 694 1210 Sed
706 1147 734 1210 si
750 1147 943 1211 Plantarum
959 1155 1128 1217 anatomia
1143 1171 1179 1219 et

63 1242 299 1335 physiologia,
312 1238 340 1302 si
356 1258 472 1302 earum
496 1237 718 1326 geographica
733 1252 767 1300 et
781 1238 1021 1327 topographica
1042 1266 1102 1329 per
1121 1267 1179 1308 or·

63 1338 145 1400 bem
174 1329 371 1419 dispositio,
391 1326 527 1390 illarum
544 1328 697 1409 cultura,
711 1326 863 1391 chemica
889 1331 1092 1418 compositio
1104 1381 1114 1415 ,
1126 1334 1180 1398 vi-

63 1426 158 1490 rium
182 1440 375 1506 usuumque
398 1417 571 1504 cognitio,
585 1416 781 1505 disciplinas
806 1418 965 1482 altiorum
990 1420 1182 1489 litterarum

62 1514 220 1580 studioso
233 1510 364 1574 nobiles
376 1506 539 1588 offerant,
552 1507 708 1596 quinimo
724 1509 752 1570 si
766 1508 818 1572 hae
831 1506 993 1573 doctrinae
1006 1511 1181 1577 Botanices

63 1605 138 1669 veri
154 1603 225 1666 sint
246 1599 346 1680 fines,
373 1613 484 1661 tamen
511 1596 687 1660 fatendum
711 1613 760 1661 est
784 1597 861 1661 istas
885 1599 1034 1663 scientiae
1056 1618 1183 1689 partes,

63 1696 285 1781 licetgraves,
297 1709 415 1753 omnes
431 1687 620 1774 specierum
633 1688 783 1775 ipsarum
794 1689 945 1751 accuratd
959 1689 1182 1756 distinctione

64 1804 254 1869 earumque
278 1796 402 1842 mutuae
428 1775 601 1839 affinitatis
628 1776 841 1864 cognitione,
855 1778 1041 1842 necessario
1058 1796 1092 1844 et
1106 1780 1118 1868 (
1133 1782 1183 1845 fas

64 1877 110 1939 sit
133 1871 263 1958 verbo)
287 1867 510 1933 essentialiter
535 1866 609 1929 niti.
639 1866 834 1954 Specierum
859 1854 980 1932 notitil
1011 1860 1183 1935 stabilitam

64 1961 277 2052 possibilitas
300 1981 338 2022 ea
353 1957 469 2022 omnia
486 1977 560 2043 quae
574 1954 617 2020 de
630 1976 736 2044 regno
750 1956 932 2044 vegetabili
947 1981 1008 2046 per
1024 1961 1183 2025 observa·

67 2055 182 2116 tiones
212 2050 375 2137 plurimas
405 2045 701 2134 experimentaque
727 2046 907 2110 innumera
937 2065 1047 2136 patres
1075 2050 1185 2114 nostri

65 2142 233 2207 invenere
246 2136 415 2219 discendi,
430 2151 468 2199 ut
482 2150 516 2200 et
531 2152 669 2224 nepotes
682 2151 812 2200 nostros
822 2160 895 2225 quac
907 2137 970 2226 ipsi
983 2162 1043 2202 nos
1058 2139 1186 2230 reperi·

67 2256 146 2297 mus
161 2228 309 2294 docendi
321 2253 330 2309 3
345 2250 386 2291 ex
399 2225 630 2314 specificamm
640 2224 843 2290 affinitatum
854 2229 1185 2318 cognitionependet

66 2346 123 2387 ars
141 2324 203 2386 ista
226 2320 367 2384 solerter
387 2332 420 2382 et
441 2318 536 2380 caute
552 2315 763 2395 adhibenda,
780 2320 846 2405 qud
870 2317 934 2382 rite
952 2322 1186 2407 experimenta
1243 2350 1249 2359 ’

67 2425 328 2503 proponuntur,
351 2407 601 2471 observationes
628 2407 788 2494 speciales
818 2407 1010 2472 methodica
1035 2411 1070 2473 in
1093 2412 1185 2500 leges

68 2502 249 2592 generales¹
257 2512 519 2578 convertuntur,
533 2496 695 2585 analogiae
708 2519 769 2560 nec
784 2497 872 2560 ultra
884 2521 1001 2562 verum
1022 2500 1185 2565 audaciirs

68 2590 336 2682 protenduntur,
351 2610 413 2651 nec
426 2587 508 2649 citra
521 2607 639 2650 verum
659 2586 815 2650 timidius
832 2589 1081 2654 contrahuntur
1093 2640 1102 2673 ,
1116 2592 1187 2679 qud

68 2682 212 2747 tandem
228 2679 501 2768 aphorismorum
517 2676 798 2764 paucissimorum
812 2699 876 2765 ope
892 2678 1028 2743 inventa
1042 2697 1075 2744 et
1088 2682 1187 2746 inve·

70 2772 202 2837 nienda
210 2770 326 2834 omnia
337 2791 425 2833 nexu
435 2767 582 2854 simplici
593 2767 806 2857 colligantur.
819 2768 1049 2833 Necessariam
1060 2771 1189 2859 itaque,

70 2885 194 2927 omnes
228 2859 480 2947 qualescunque
505 2857 574 2920 sint
602 2857 668 2920 viri
695 2857 885 2944 plantarum
913 2858 1026 2923 studio
1057 2859 1188 2947 dediti,

70 2953 185 3042 primd
206 2951 319 3015 fronte
346 2963 555 3037 agnoverunt
580 2946 836 3036 primordialem
864 2949 952 3012 hanc
974 2948 1191 3036 doctrinam,

72 3044 142 3130 quai
160 3042 202 3105 ab
213 3039 374 3104 omnibus
386 3037 463 3102 aliis
478 3037 605 3124 species
618 3036 770 3124 quaedam
783 3038 824 3099 iis
844 3038 943 3101 obvia
960 3036 1186 3122 discernitur,

72 3150 108 3195 et
134 3130 319 3195 innotescit
335 3127 481 3192 affinitas
508 3126 584 3214 plus
608 3128 762 3190 minusve
792 3127 905 3190 stricta
928 3132 993 3215 qual
1024 3131 1080 3193 illa
1107 3154 1188 3194 cum

73 3222 203 3286 caeteris
232 3218 405 3309 speciebus
429 3217 596 3305 jungitur.
618 3217 696 3280 Non
733 3217 858 3280 mirum
888 3234 937 3281 est
964 3223 1043 3308 ergo
1064 3222 1091 3283 si
1115 3221 1187 3287 haec

73 3312 224 3376 scientiae
253 3310 419 3374 elementa
444 3305 748 3392 fundamentoque,
764 3331 826 3395 pro
847 3309 987 3374 scientia
1016 3311 1189 3400 integrda

73 3402 179 3490 vulgo
207 3399 341 3481 habita,
357 3416 530 3461 rorantem
556 3395 715 3459 strictiori
739 3419 839 3461 sensu
868 3416 1066 3487 usurpatum
1088 3403 1188 3489 equi·

74 3491 174 3572 dem,
202 3513 272 3553 non
296 3493 377 3552 vero
399 3488 541 3551 omnino
571 3486 798 3575 incongruum
826 3510 950 3553 nomen
973 3492 1189 3558 retinuerint.

120 3584 279 3645 Attamen
298 3579 342 3642 ob
365 3579 471 3666 ipsam
484 3577 757 3642 observationum
773 3578 935 3664 paulatim
954 3580 1188 3646 institutarum

77 3672 223 3753 molem,
239 3669 283 3734 ob
300 3664 516 3731 innumeram
540 3666 772 3731 doctrinarum
795 3668 949 3732 locorum
969 3670 1190 3761 ipsorumque

77 3760 298 3850 ingeniorum
314 3757 525 3839 varietatem,
540 3757 695 3846 plerique
709 3756 816 3822 Florae
834 3757 966 3822 alumni
989 3783 1024 3824 se
1049 3763 1191 3850 speciali
1220 3838 1223 3843 ,

78 3872 195 3932 ramo,
210 3866 249 3913 ut
263 3864 302 3911 ut
312 3848 374 3929 sit,
390 3849 539 3912 scientiae
550 3863 670 3911 nostrae
685 3845 897 3931 addicentes,
912 3849 1015 3936 hujus
1030 3874 1107 3914 cum
1121 3855 1191 3917 totd

79 3940 200 4002 arbore
226 3962 352 4003 nexum
377 3938 675 4026 congruentiamve
694 3939 779 4025 saepe
806 3938 1047 4028 neglexerunt:
1068 3963 1108 4004 ex
1122 3946 1190 4006 una

79 4045 175 4118 parte
190 4029 352 4099 nonnulli
368 4028 567 4120 philosophi
577 4027 800 4119 vegetationis
810 4029 900 4120 leges
912 4029 1083 4120 generales
1095 4032 1192 4122 plan·

132 4170 159 4219 1.
1014 4167 1031 4215 1
