2708 4604
210 292 284 385 464
435 286 681 358 DICOTYL.
707 307 788 356 sno
813 288 1096 356 EXOGEKAE

214 414 339 479 cortice
357 410 479 497 saepiirs
495 407 672 473 reticulato
685 423 745 472 aut
762 429 963 488 verrucosa,
975 409 1160 490 instructi,
1171 412 1306 497 juniores

212 506 299 593 saepe
319 501 493 590 pubentes.
505 497 601 562 Folia
616 497 761 578 alterna,
773 519 875 585 super
887 498 1022 561 caulem
1036 499 1218 563 articulata
1228 526 1237 582 ;
1247 502 1304 568 bre

214 594 300 657 viter
323 589 500 679 petiolata,
518 601 578 650 aut
592 587 735 667 senilia,
755 587 946 675 simplicia,
964 588 1157 676 sepissime
1176 590 1303 680 integra,

213 699 273 746 aut
290 680 347 745 six
371 677 521 759 dentata,
547 676 787 764 {sennium-ria,
809 677 949 764 juniora
966 676 1216 767 conduplicata
1239 687 1303 770 sape

241 768 393 849 abeatis,
403 766 611 854 exstipulata
623 765 812 830 Pedunculi
827 767 949 854 saepiiss
957 767 1140 846 axillares,
1154 769 1302 834 interdiu

215 797 367 925 litterales
377 873 436 920 aut
445 854 686 958 oppositifolii‚
695 857 816 944 sapius
832 855 1031 919 bracteolati
1042 906 1053 936 ‚
1066 857 1232 946 foliisque
1247 860 1302 924 bre·¹

216 951 343 1028 viores,
359 946 520 1028 solitarii,
534 942 813 1026 1·co·flori‚nou
823 949 899 1008 raro
911 943 1058 1009 floribus
1069 946 1238 1012 abortivis
1246 949 1303 1013 torti

215 1037 379 1104 uncinati.

260 1128 337 1193 Vis.
350 1122 491 1189 Radices
504 1123 646 1188 cortices
654 1122 736 1186 folia
748 1141 783 1189 et
794 1125 923 1189 fructus
931 1128 1126 1213 praesertim
1143 1127 1303 1216 mpsuluas

216 1239 307 1284 acres
333 1230 522 1304 pungentes
548 1213 722 1277 aromatici
747 1214 979 1297 stimulantes,
1005 1214 1230 1280 condimenti
1251 1217 1303 1280 loco

217 1308 302 1397 sape
318 1302 482 1384 adhibiti;
497 1302 624 1368 fructus
639 1303 771 1367 carnosi
791 1303 908 1368 edules
923 1321 959 1369 et
977 1306 1016 1368 in
1040 1306 1246 1393 regionibus
1256 1322 1304 1369 tro·

216 1396 301 1487 picis
315 1392 480 1459 estimati.

199 1498 205 1509 '
262 1485 354 1550 Hssr.
378 1484 564 1545 Anouaceae
589 1503 707 1547 omnes
727 1499 806 1546 sunt
829 1483 967 1547 exotica
991 1499 1029 1546 et
1051 1482 1141 1549 ideo
1167 1484 1306 1549 veteribus

219 1576 359 1665 ignotae3
372 1593 487 1635 earum
504 1572 540 1634 C.
552 1572 723 1634 Bauhinus
737 1573 864 1660 species
880 1571 1046 1636 indicavit
1056 1574 1121 1637 vix
1130 1598 1150 1638 2
1160 1624 1171 1656 ‚
1180 1576 1306 1638 Iinnaeus

223 1663 277 1745 13,
290 1660 499 1727 Willdenow
520 1659 576 1744 36,
590 1660 737 1726 Persoon
758 1668 821 1743 44,
834 1678 868 1726 et
891 1661 1002 1724 Dunal
1022 1662 1061 1725 in
1084 1661 1308 1754 monograpbil

219 1750 488 1842 praestantissima
518 1752 555 1813 in
578 1751 644 1816 hoc
674 1773 777 1840 opere
799 1753 869 1816 fere
888 1751 1034 1816 omnino
1055 1768 1095 1816 et
1119 1753 1166 1817 ad
1195 1753 1309 1817 verbun

218 1845 331 1907 secuta
355 1840 427 1905 105.
451 1877 497 1889 —
521 1841 570 1904 Ex
589 1840 631 1905 iis
658 1842 677 1905 5
703 1841 916 1905 habitantia
946 1844 1034 1904 zona
1055 1844 1231 1908 Amerina
1250 1859 1312 1906 ten·

219 1934 347 2022 perata,
372 1935 414 2018 47
435 1929 471 1993 in
495 1931 704 1994 Americanis
719 1930 810 1996 inter
837 1930 983 2018 tropicos
1011 1931 1090 1996 sitis
1120 1932 1313 2024 regionibus,

220 2025 241 2087 8
264 2022 300 2084 in
327 2019 441 2083 Africa
469 2020 738 2107 aequinoxiali‚3
763 2023 799 2084 in
821 2019 940 2084 insulis
962 2020 1212 2105 Mauritianis,
1234 2021 1270 2085 26
1287 2020 1313 2082 in

218 2109 318 2175 India
330 2126 389 2173 aut
402 2108 522 2173 insulis
533 2108 678 2191 Indicis,
689 2111 712 2174 6
722 2111 759 2173 iu
771 2111 880 2175 China
893 2126 927 2173 et
937 2110 1084 2198 taponia
1096 2160 1107 2193 ‚
1119 2135 1140 2176 2
1156 2114 1193 2176 in
1207 2115 1314 2176 Anaua

218 2201 317 2281 lasia,
332 2199 354 2264 6
388 2199 476 2263 uoad
491 2201 630 2286 patriam
645 2197 768 2264 dubiae.

265 2293 341 2353 Ass.
364 2222 458 2351 dido
471 2288 709 2377 blagncliaceis
723 2293 902 2392 praesertim
921 2285 1035 2351 affinis
1050 2289 1102 2353 ob
1117 2288 1244 2355 florum
1258 2310 1315 2378 par·

220 2394 269 2442 tes
285 2397 427 2441 numero
443 2377 589 2440 ternario
612 2377 806 2466 dispositas,
828 2380 981 2442 antheras
1005 2378 1179 2463 adnatas,
1196 2379 1315 2443 stamina

220 2467 400 2555 ovariaque
423 2466 589 2554 plurima,
603 2467 662 2530 sed
676 2467 949 2541 distinctissimus
975 2468 1121 2555 stipulis
1137 2471 1256 2551 nullis,
1271 2490 1314 2530 an·

221 2557 328 2622 theris
360 2555 615 2644 seminibusque
649 2557 757 2622 forma
787 2557 955 2637 diversis;
982 2555 1026 2621 ad
1063 2558 1315 2649 Menispermets

219 2646 396 2736 paululum
411 2643 652 2732 (mediantibus
665 2671 679 2710 s
704 2647 841 2711 aciebus
853 2647 966 2734 paucis
973 2646 1242 2736 scandentibus)
1248 2667 1315 2711 acce·

222 2738 292 2819 dit,
317 2736 375 2801 sed
409 2735 609 2799 staminibus
638 2671 825 2800 indefinitis
858 2758 920 2800 nec
947 2733 1106 2801 definitis
1140 2740 1314 2824 fructusque

220 2829 384 2893 structura
399 2824 529 2906 differe
543 2825 585 2888 ab
602 2826 762 2889 omnibus
786 2826 859 2890 aliis
870 2828 891 2901 e
903 2824 1116 2913 Polypetalis
1139 2823 1313 2917 Hypogynis

221 2916 402 2981 ordinibus
418 2917 629 2979 Annonaceae
643 2915 689 2979 ob
701 2913 821 2980 florum
838 2936 1020 2978 numerum
1042 2919 1242 2982 ternarium
1256 2935 1313 2979 nec·

222 3026 292 3072 non
314 3007 359 3070 ob
371 3004 541 3069 insolitam
558 3004 769 3092 endcplevrae
791 3006 878 3068 intra
895 3003 1084 3068 albuminis
1103 3008 1212 3072 rimas
1233 3003 1313 3093 repli-

221 3098 387 3160 cationem
412 3093 587 3158 differunt.
601 3097 699 3163 Hanc
713 3095 851 3159 seminis
867 3109 1070 3157 structuram
1092 3098 1228 3184 reperit
1241 3092 1312 3160 clll

220 3185 340 3249 Brcwn
356 3184 392 3247 in
404 3205 527 3274 genere
541 3185 592 3247 sin
620 3185 807 3248 ularissimo
824 3185 916 3248 abeo
931 3184 1144 3270 Eupomatia
1162 3179 1312 3267 dictand

221 3273 421 3360 Eupomatia
448 3273 550 3336 habet
567 3208 711 3363 calycem
742 3273 1061 3362 operculiformem,
1083 3277 1203 3361 petala
1224 3273 1315 3349 nulla,

219 3363 362 3426 stamina
386 3362 564 3452 perigyna,
588 3364 748 3427 interiora
765 3362 1007 3450 petalifcrmia‚
1024 3363 1190 3447 ovariurn
1218 3360 1313 3428 multi·

219 3450 368 3516 Ioculare
383 3451 487 3538 calyci
501 3451 674 3518 adhaerens
689 3453 794 3534 3adcb
810 3475 850 3516 eit
861 3452 915 3515 his
931 3453 1167 3519 caracteribus
1183 3455 1226 3519 ab
1241 3457 1311 3517 Anu·

223 3541 334 3604 riaeeis
349 3540 465 3604 differt
477 3557 514 3604 ut
532 3565 609 3605 cum
630 3542 672 3605 iis
694 3545 903 3630 conjungere
920 3540 1096 3607 noluerim
1120 3560 1158 3610 ct
1174 3546 1260 3610 inter
1273 3561 1311 3630 ge·

224 3651 302 3695 nera
313 3630 448 3698 incertae
460 3631 548 3696 sedis
563 3632 756 3721 relinquere
772 3632 959 3697 maluerim.
