2692 4628
127 228 151 303 6
504 242 846 292 raonaoorsntrt.

127 350 230 418 addas
244 346 284 411 cl.
299 346 433 435 Moqrro
447 343 847 432 Hispano-Mexicanum,
857 340 917 405 aevi
935 343 1042 408 nostri
1053 343 1235 418 discordiis

126 437 354 527 blonspelium
375 432 558 497 adductum
572 482 580 516 ,
593 434 653 521 qui
669 454 802 498 meeum
812 432 1009 498 humaniter
1027 441 1176 543 egregias
1200 458 1235 508 et
1268 439 1270 443 ’

124 528 271 595 ineditas
295 524 557 590 communicavit
578 524 695 590 icones
717 520 1030 613 descriptionesque
1051 528 1094 592 ab
1109 553 1183 616 rpso
1200 548 1235 597 et

124 620 195 683 acl.
213 618 306 681 srssrt
325 630 357 678 et
371 615 563 679 Carvanraz
578 636 640 703 per
651 612 848 702 quindecim
866 636 973 678 annos
998 617 1033 679 in
1049 617 1234 686 itineribus

122 707 223 772 uariis
255 728 317 795 per
343 702 558 769 Mexicanum
588 700 769 792 imperium
800 703 1048 788 concinnatas,
1087 732 1233 796 quarum

124 796 280 862 omniurn
302 794 462 877 scientia,
477 799 496 859 a
511 794 659 885 politicis
674 792 794 856 litibus
815 794 1019 879 abhorrens,
1043 798 1233 888 evulgatio·

122 908 201 952 nem
215 883 407 949 aridissime
420 900 566 977 exoptat.

165 976 311 1040 Parisios
339 976 465 1064 petivi,
488 976 602 1065 ibique
631 996 717 1037 nora
746 974 1056 1064 pretiosissimaque
1079 978 1233 1045 subsidia

121 1066 210 1132 mihi
226 1066 444 1153 praebuerunt
455 1065 687 1130 botanicorum
701 1065 896 1129 humanitas
912 1082 945 1129 et
959 1067 1127 1150 amicitia3
1141 1093 1233 1158 egre·

88 1214 96 1221 .
120 1156 169 1246 gii
194 1156 353 1221 Historiae
383 1155 541 1220 naturalis
567 1153 683 1219 Musaei
710 1154 915 1243 professores
950 1156 1116 1246 integram
1141 1161 1231 1223 mihi

118 1246 296 1311 licentiam
312 1245 478 1311 dederunt
498 1245 686 1309 innumeris
701 1245 861 1310 studendi
876 1246 1136 1311 collectionibus
1157 1272 1233 1337 quae

120 1335 159 1399 in
179 1338 246 1402 lioc
268 1335 479 1401 nobilissimo
494 1340 620 1398 naturae
633 1351 667 1400 et
681 1335 900 1399 scientiarum
913 1337 1042 1424 templo
1057 1360 1232 1403 asservan-

121 1442 199 1491 tur:
216 1426 368 1491 herbaria
387 1424 608 1490 celeberrima
623 1426 1123 1509 Touasaronr11,Varnmnr11,
1137 1429 1233 1493 Cora·

119 1538 301 1598 mansorem,
317 1516 492 1597 Donum,
515 1515 705 1580 Mrcnauxrr
721 1565 730 1597 ,
757 1518 1040 1599 Lascaasauarn,
1063 1520 1232 1603 Banornr,

119 1608 307 1671 Bnuuursnr
329 1605 530 1671 etOmvanrr
554 1604 603 1667 ibi
630 1606 694 1669 rite
712 1606 873 1696 disposita
897 1629 967 1669 non
992 1630 1114 1694 paucas
1142 1607 1232 1673 circa

119 1696 252 1784 plantas
270 1698 338 1782 jam
361 1694 508 1784 cognitas
526 1694 775 1760 observationes
794 1697 1015 1787 pluriumque
1040 1697 1231 1785 specierum

120 1785 328 1850 ineditarum
354 1783 595 1873 descriptiones
617 1786 898 1875 suppeditarunt3
921 1809 999 1850 curn
1026 1787 1231 1854 liberalitate

119 1875 260 1963 publica
282 1874 407 1963 privata
440 1873 580 1938 luctavit
611 1876 848 1941 benevolentia
874 1901 881 1942 :
908 1878 1104 1967 herbarium
1128 1900 1229 1943 suum

120 1962 329 2027 ditissimum
356 1963 444 2026 mihi
463 1964 589 2027 obtulit
604 1966 845 2030 celeberrimus
863 1968 969 2032 Florae
983 1968 1158 2031 Atlanticae
1172 1969 1230 2031 in·

119 2052 260 2144 dagator
278 2053 607 2143 Endogenarumque
627 2071 801 2119 structurae
817 2058 1011 2120 observator
1032 2058 1070 2118 R.
1086 2057 1120 2120 L.
1143 2058 1230 2122 Des·

100 2208 104 2213 .
116 2143 474 2232 rouat1uas,qui,olim
484 2161 518 2208 et
527 2143 641 2208 adhuc
653 2167 744 2208 nunc
755 2147 912 2234 magister
922 2168 1016 2209 meus
1026 2146 1231 2232 carissimus,

118 2256 174 2298 me
189 2256 321 2324 semper
344 2234 546 2298 doctissimis
570 2234 723 2298 consiliis
744 2252 777 2299 et
797 2237 936 2323 paterni
956 2235 1046 2299 fovet
1066 2236 1229 2304 amicitia.

116 2324 268 2413 Inclytus
293 2323 452 2388 ordinum
490 2326 695 2388 naturalium
721 2340 839 2388 auctor
867 2328 906 2391 A.
940 2327 976 2389 L.
1003 2348 1045 2389 nn
1073 2327 1231 2410 Jussreu,

119 2415 279 2480 comitate
305 2414 364 2479 sud
392 2437 461 2478 non
484 2414 598 2477 minius
615 2418 716 2503 quam
730 2414 871 2478 scientiis
885 2432 1001 2496 notus,
1025 2415 1113 2478 milri
1136 2417 1230 2482 istud

118 2505 254 2593 aperuit
281 2526 441 2567 musaeum
459 2507 512 2585 ,d
539 2520 589 2568 tot
619 2504 718 2566 annis
750 2505 899 2586 celebre,
930 2504 1022 2593 quod
1049 2506 1230 2591 Issaanus,

117 2593 304 2677 Suntsrrus,
328 2609 360 2658 et
380 2608 447 2658 tres
472 2594 605 2657 JusstAEI
627 2596 812 2680 (Aurostns
838 2599 978 2684 nempe,
995 2596 1178 2679 Jossrats,
1195 2615 1231 2662 et

118 2686 275 2748 omnium
299 2683 454 2772 princeps
476 2682 775 2770 Bursauon5)per
802 2685 952 2748 seculum
979 2686 1148 2774 integrum
1174 2688 1229 2751 lo-

119 2774 342 2863 cupletdrunt.
356 2773 637 2858 'Devinctissimus
658 2773 786 2836 amicus
800 2797 895 2838 meus
913 2777 1007 2839 Basa.
1024 2777 1231 2860 Emessam,

117 2866 199 2951 qui,
225 2863 369 2955 'publicae
403 2863 542 2925 utilitati
566 2864 670 2926 vitani
696 2878 728 2926 et
758 2865 908 2927 scientiis
934 2867 1003 2928 otia
1032 2865 1228 2953 impendit,

117 2975 229 3018 meam
242 2954 336 3041 quasi
352 2952 432 3016 fecit
448 2953 684 3017 collectionem
699 2976 792 3016 suam
804 2956 856 3035 ,in
871 2958 936 3042 qud
950 2955 1047 3043 plura
1060 2956 1228 3019 ditissima

117 3056 293 3107 servantur
320 3042 497 3123 herbaria,
523 3046 645 3131 nempe
682 3044 878 3127 Messinm,
901 3047 1105 3123 Burmann,
1134 3045 1241 3123 Van,

117 3156 252 3198 ransart
278 3148 360 3213 eto,
387 3154 521 3195 necnon
554 3133 675 3221 plantae
701 3157 818 3197 omnes
845 3157 926 3222 quas
952 3133 1161 3222 collegerunt
1190 3136 1228 3198 in

116 3222 212 3310 Sytid
230 3223 496 3285 Lanrnnaanrriaa
505 3271 515 3301 ,
525 3223 559 3283 in
578 3222 689 3287 Persici
702 3224 879 3304 Mrcnaux,
893 3224 929 3286 in
944 3224 1068 3286 sibirit
1080 3222 1228 3306 Parma,

117 3310 156 3375 ln
174 3312 293 3375 insulis
313 3311 522 3375 Americanis
537 3314 679 3376 litantur
693 3312 727 3376 e't
739 3314 884 3377 Porrsau
900 3328 962 3376 etc.
976 3313 1229 3378 Celeberrimus

116 3402 208 3465 inter
223 3401 488 3490 peregrinatores
504 3404 748 3490 praestantiores
761 3407 862 3465 Anax.
872 3403 1126 3482 nchunonnr,
1139 3406 1230 3490 ejus·

116 3512 185 3577 que
213 3491 332 3578 inclyti
358 3491 602 3555 collaborantes
631 3494 807 3555 Bonrnasu
836 3508 869 3554 et
893 3492 1014 3555 Kasara
1041 3493 1172 3580 plantas
1194 3512 1229 3559 et

118 3579 295 3668 diagnoses
315 3579 597 3657 characteristicas
614 3579 656 3643 ad
671 3581 809 3644 ordines
829 3582 915 3643 mihi
936 3582 1085 3669 primirm
1105 3582 1226 3648 obvios

113 3671 323 3757 pertinentes
338 3687 372 3733 et
385 3671 429 3733 ab
444 3669 510 3733 illis
526 3672 562 3733 in
576 3672 715 3759 proprio
730 3687 764 3735 et
776 3692 879 3733 aureo
894 3671 983 3735 libro
997 3673 1033 3733 in
1050 3687 1226 3759 posterum

114 3757 334 3846 evulgandas,
358 3765 432 3823 rara
459 3783 535 3823 cum
561 3761 753 3824 sinceritate
789 3783 921 3824 mecum
949 3763 1226 3826 communicave-

114 3863 207 3910 runt.
220 3848 268 3912 Cl.
283 3851 481 3938 carpologus
494 3852 574 3913 Luc.
588 3853 762 3931 chnann,
782 3853 864 3938 qui,
880 3851 922 3914 ad
940 3853 1081 3914 nimiam
1104 3855 1220 3915 forsan

115 3936 362 4023 perfectionem
399 3940 566 4022 tendens,
588 3958 636 4004 tot
662 3941 809 4006 ineditos
845 3942 993 4030 possidet
1028 3942 1223 4024 thesauros,
