2708 4604
441 186 789 246 bunnecourt:
1131 199 1169 247 rr

62 298 245 391 multiplici
265 296 368 362 modo
389 295 650 379 combinandas,
668 320 722 362 eas
738 313 773 363 et
784 294 968 385 praecipuas
983 299 1113 362 tantum
1130 299 1175 364 ad

64 389 301 480 descriptionis
324 388 451 453 calcem
478 401 512 451 et
532 389 628 452 secus
653 410 857 477 organorum
880 386 1003 452 seriem
1028 388 1176 454 breviter

62 481 222 545 indicavi.
256 475 263 482 ⁹
588 500 591 511 ·

106 572 184 635 Haec
198 592 331 659 semper
343 567 387 632 ob
404 568 519 632 oculos
534 590 602 656 prae
615 567 774 632 omnibus
789 567 1040 656 habui,nempe
1050 589 1174 656 genera

61 661 97 724 in
114 661 280 725 sectiones
302 657 469 722 naturales
484 657 662 747 divellere,
681 656 829 744 ideisque
850 658 977 744 species
995 659 1087 742 juxta
1103 657 1175 721 alli·

60 751 186 815 nitates
202 770 295 813 veras
322 749 408 811 intra
426 746 559 836 generis
585 748 712 812 limites
728 745 916 834 disponere.
931 747 1092 811 dlethodi
1116 771 1177 810 na-

61 837 181 902 turalis
199 860 323 902 normae
344 838 426 901 huic
442 838 499 901 tali
525 837 741 926 dispositioni
759 835 936 922 adaptata,
951 860 1098 917 novum,
1121 860 1176 900 me

61 926 201 1015 judice,
221 929 257 992 in
272 927 421 992 scientia
444 927 605 992 minimas
619 949 728 1014 usque
741 926 910 990 anfractus
927 926 1041 991 lumen
1059 926 1174 989 el'sun·

63 1016 170 1099 dunt3
198 1018 246 1081 sic
269 1018 397 1105 species
419 1017 509 1081 inter
534 1039 569 1081 sc
595 1016 661 1080 rite
681 1016 908 1097 ordinantur3
935 1016 984 1079 sic
1012 1040 1175 1104 generum

61 1130 228 1171 novorum
261 1107 366 1170 nimia
391 1107 516 1170 vitatur
540 1106 1086 1195 multiplicati0;quotiescunque
1110 1107 1178 1172 ali·

60 1199 159 1285 cujus
174 1197 307 1286 generis
331 1197 496 1261 sectiones
509 1200 588 1260 vere
601 1212 681 1261 sunt
693 1196 860 1263 naturales
876 1197 887 1279 (
905 1195 941 1258 id
958 1210 1022 1275 est,
1039 1218 1106 1259 non
1118 1219 1178 1283 per

59 1288 203 1350 unicum
223 1288 449 1352 characterem
464 1335 473 1368 ,
488 1284 547 1350 sed
571 1308 631 1376 per
652 1286 811 1374 plurium
831 1284 1049 1349 collationem
1072 1285 1177 1348 stabi-

59 1376 152 1528 litoeg
173 1377 232 1440 has
258 1376 399 1441 nomine
428 1376 568 1464 proprio
593 1376 723 1458 saluto;
746 1362 811 1440 sed
842 1374 1052 1439 sectionibus
1085 1377 1179 1439 merc

61 1466 125 1531 arti
153 1466 323 1554 cialibus(
342 1465 378 1528 id
403 1483 452 1531 est
464 1515 472 1550 ‚
485 1467 639 1530 facilitati
655 1466 719 1529 soli
745 1464 1033 1551 inservientibus)
1052 1486 1181 1529 nomeu

59 1552 188 1644 praefixi
218 1556 379 1638 nullum,
408 1579 450 1620 ne
479 1556 620 1620 nornine
653 1554 788 1644 decepti
813 1554 856 1618 iis
889 1555 1015 1619 tirones
1046 1553 1182 1642 pondus

62 1645 212 1710 nimium
237 1647 411 1726 tribuant3
428 1644 546 1709 eddom
564 1645 728 1711 methodo
748 1666 828 1706 usus
849 1666 923 1706 sum
940 1644 977 1705 in
998 1644 1181 1731 generibus

62 1735 152 1796 intra
176 1733 338 1798 ordinum
363 1750 397 1799 et
411 1733 594 1799 ordinibus
618 1735 706 1798 intra
724 1733 882 1798 classium
903 1733 1031 1797 limites
1059 1732 1178 1823 dispo⁴

68 1821 204 1886 nendis.

111 1960 188 2023 Haec
203 1973 252 2023 est
264 1958 492 2051 ichnographia
504 1963 617 2052 operis
629 1964 725 2050 cujus
738 1961 841 2028 hodie
854 1962 1001 2050 primum
1017 1963 1179 2035 volumen

64 2048 303 2114 botanicorum
322 2050 456 2138 judicio
481 2052 662 2133 submitto,
686 2053 810 2141 cuique
827 2053 864 2116 in
882 2069 1053 2140 posterum
1076 2056 1178 2121 vitatu

63 2160 175 2204 meam
194 2155 298 2202 totam
315 2162 388 2204 sum
411 2142 647 2230 impensurus;
665 2166 750 2234 opus
771 2142 930 2231 equidem
947 2144 1176 2232 periculosum

62 2245 97 2293 et
106 2230 178 2292 aled
188 2230 341 2318 plenum,
352 2230 410 2295 sed
422 2232 642 2296 utilissimum
651 2234 658 2296 !
666 2236 740 2316 Qud
749 2232 852 2298 fretus
862 2233 1020 2316 utilitate,
1026 2234 1177 2299 scientias

61 2319 302 2407 magistrorum
325 2319 572 2411 indulgentiam
594 2346 675 2405 oro,
695 2340 729 2388 et
745 2322 848 2406 hanc,
863 2323 892 2387 si
911 2322 1027 2391 dicere
1043 2324 1092 2388 las
1107 2341 1180 2411 cst,

62 2431 161 2497 spero
179 2432 187 2473 :
206 2431 341 2498 semper
368 2413 462 2476 enirn
484 2411 736 2502 indulgentiam
760 2436 845 2478 verae
877 2413 1028 2478 scientias
1051 2414 1178 2481 sociam

61 2498 307 2582 animadverti3
328 2501 524 2590 quicunque
538 2501 755 2568 difficultates
777 2507 998 2592 superirunt,
1014 2525 1083 2593 prae
1102 2504 1180 2571 aliis

63 2588 271 2740 experientid
288 2592 424 2679 proprisi
438 2593 563 2657 callent
581 2593 732 2658 veritatis
747 2595 835 2658 viam
852 2592 992 2658 arduam
1006 2615 1094 2671 esse,
1111 2617 1180 2658 ma·

63 2701 105 2743 cu
120 2701 221 2766 asque
236 2683 306 2744 uno
319 2702 388 2743 non
406 2704 526 2770 paucas
536 2681 573 2746 in
591 2699 685 2749 tanto
695 2707 809 2751 rerum
822 2705 966 2750 numero
977 2699 1011 2749 et
1020 2683 1179 2749 varietate

64 2789 135 2832 esse
151 2768 383 2857 ignoscendas.

155 3004 280 3072 Dabam
299 3006 432 3075 Garreaae
446 3009 594 3075 attactos.
612 3011 708 3076 1816.

654 3294 658 3300 ·
707 3250 745 3314 Α.
766 3248 800 3313 P.
824 3249 874 3313 De
896 3251 1085 3317 Carnona.
